2499 4196
678 377 790 436 166
1059 379 1179 428 DE
1248 375 1710 426 orr1c11s

668 475 1051 589 argumenti,
1078 503 1193 565 nifi
1218 516 1296 567 ut
1317 523 1486 564 emas
1508 523 1646 564 mea
1672 499 1940 596 pecunia
1962 500 2132 566 fun-

668 623 863 697 dum3
912 642 1056 682 eum
1098 635 1173 682 tu
1216 620 1471 694 habeas,
1526 640 1647 701 ego
1682 639 1816 681 non
1850 620 2129 683 habeam

667 735 1002 819 pecuniam
1033 732 1059 796 ?
1110 733 1554 823 Qamobrem
1595 753 1676 793 ne
1709 732 1787 794 fit
1831 754 1933 795 aes
1967 736 2124 796 alie·
2151 750 2223 792 ²⁴

668 872 854 924 num,
881 851 1065 930 quod
1090 850 1471 932 reipublicae
1496 862 1751 920 noceat,
1774 847 2125 929 providen-

666 962 826 1024 dum
863 964 950 1025 est
996 963 1203 1046 (quod
1249 964 1466 1025 multis
1520 964 1878 1026 rationibus
1913 966 2121 1043 caveri

664 1071 924 1158 potest):
958 1098 1115 1152 non,
1139 1076 1185 1136 fi
1209 1074 1433 1151 fuerit,
1456 1089 1531 1138 ut
1556 1075 1908 1158 locupletes
1933 1073 2119 1139 suum

666 1191 965 1273 perdant,
1022 1191 1344 1253 debitores
1396 1191 1734 1253 lucrentur
1787 1191 2070 1253 alienum
2091 1215 2109 1251 ε

667 1324 787 1365 nec
821 1305 995 1365 enim
1019 1305 1149 1365 ulla
1181 1324 1278 1364 res
1306 1302 1746 1364 vehementius
1773 1302 2119 1384 rempubli-

668 1437 810 1477 cam
830 1417 1140 1491 continet,
1165 1438 1358 1498 quam
1382 1417 1574 1491 fides;
1610 1437 1775 1498 quae
1800 1415 1919 1479 effe
1945 1417 2122 1492 nulla

670 1529 901 1611 potest,
953 1530 1068 1590 nifi
1103 1532 1225 1591 erit
1265 1528 1598 1592 neceffaria
1630 1529 1866 1593 solutio
1900 1552 2118 1593 rerum

668 1640 1077 1704 creditarum.
1136 1662 1493 1723 numquam
1536 1643 1978 1706 vehementius
2019 1664 2126 1705 ac·

669 1767 814 1817 tum
838 1756 950 1832 est,
973 1778 1169 1838 quam
1189 1777 1292 1818 me
1318 1754 1601 1830 consule,
1632 1778 1711 1819 ne
1734 1755 2125 1821 solveretur:

669 1870 862 1931 armis
914 1885 977 1931 et
1011 1871 1222 1933 eastris
1258 1883 1498 1933 tentata
1530 1891 1633 1933 res
1678 1871 1768 1934 est
1819 1872 1898 1933 ab
1948 1871 2127 1935 omni

671 2005 903 2068 genere
924 1985 1267 2049 hominum
1295 2003 1357 2047 et
1381 1987 1639 2061 ordine3
1670 1988 1903 2068 quibus
1924 1987 2005 2049 fic
2027 2007 2128 2048 re,-

671 2100 817 2176 stiti,
872 2112 949 2163 ut
983 2101 1111 2162 hoc
1146 2113 1357 2164 totum
1412 2101 1646 2162 malum
1681 2098 1757 2161 de
1803 2100 2127 2182 republica

669 2214 1044 2276 tolleretur:
1082 2234 1433 2295 numquam
1466 2233 1579 2274 nec
1611 2211 1811 2291 majus
1846 2232 1949 2274 aes
1976 2213 2124 2275 alie-

673 2347 834 2389 num
860 2324 1015 2403 fuit,
1050 2348 1167 2388 nec
1194 2326 1421 2389 melius
1450 2346 1564 2388 nec
1588 2322 2126 2387 facilius.diffolu-

673 2454 818 2503 tum
852 2438 973 2514 est;
1008 2438 1353 2502 fraudandi
1382 2438 1554 2500 enim
1576 2436 1678 2520 spe
1704 2435 1970 2513 sublata,
2001 2435 2121 2500 sol-

671 2554 863 2614 vendi
895 2552 1213 2613 neceffitas
1236 2548 1578 2613 'consecuta
1604 2550 1709 2613 est.
1746 2563 1809 2612 at
1837 2569 1992 2614 vero
2019 2549 2124 2612 hie

671 2665 910 2728 Noster
943 2666 1172 2740 vifior,
1226 2679 1371 2725 tum
1406 2664 1665 2745 quidem
1698 2664 1923 2740 νίἂιιε,
1960 2682 2122 2746 quac

674 2777 1006 2861 cogitarat,
1045 2799 1116 2839 ea
1144 2774 1433 2859 perfecit,
1480 2800 1630 2840 cum
1654 2777 1788 2855 ejus
1807 2782 1939 2857 jam
1966 2777 2126 2840 nihil

674 2891 1024 2958 intereffet:
1046 2907 1220 2956 tanta
1240 2895 1305 2955 in
1330 2916 1408 2957 eo
1428 2896 1729 2978 peccandi
1753 2895 1952 2958 libido
1970 2893 2122 2970 fuit,

671 3021 752 3072 ‘ut
796 3007 918 3070 hoc
967 3005 1373 3091 ipsum-‚eum
1418 3009 1782 3087 delectaret,
1836 3029 2122 3093 peccare,

674 3120 862 3190 ctiam
890 3120 937 3183 fi
964 3119 1167 3202 cauffa
1189 3144 1323 3188 non
1346 3121 1513 3190 effet.
1550 3125 1628 3188 ab
1650 3123 1773 3189 hoc
1800 3122 1991 3208 igitur
2016 3144 2125 3208 ge,-
