2499 4196
678 460 1468 515 anznPMMUS.
1717 461 1792 537 σς

338 581 759 663 tex-justitiam
770 602 834 651 et
854 591 1301 655 verecundiam
1320 615 1334 652 ε
1355 589 1628 670 justitiae
1652 610 1791 672 par-

337 713 428 763 tes
455 698 638 779 sunt,
675 725 814 801 pon
850 705 1088 769 violare
1123 706 1450 769 homines:
1487 724 1797 766 verecun-

336 816 493 894 diae,
533 839 682 885 non
708 818 1064 893 offendere,
1103 820 1169 882 in
1199 840 1327 902 quo
1354 821 1625 883 maxime
1655 830 1801 900 per·
1821 892 1844 918 ο

335 926 609 1014 spicitur
657 933 752 996 vis
787 933 1025 997 decori.
1077 935 1176 996 his
1229 935 1423 1018 igitur
1471 933 1798 1017 expositis,

337 1047 516 1127 quale
553 1046 638 1109 fit
672 1046 763 1122 id,
800 1047 979 1129 quod
1012 1047 1237 1115 decere
1273 1048 1568 1126 dicimus,
1611 1050 1797 1113 intel-

336 1161 577 1226 lestum
608 1179 796 1247 puto.
834 1165 1122 1227 officium
1149 1179 1389 1241 autem,
1415 1167 1589 1248 quod
1612 1168 1686 1231 ab
1714 1190 1795 1231 eo

340 1274 633 1349 ducitur,
671 1276 836 1339 hanc
867 1276 1149 1360 primum
1175 1279 1369 1340 habet
1404 1279 1592 1353 viam,
1631 1299 1793 1363 quae

340 1391 610 1457 deducit
667 1393 748 1454 ad
803 1394 1309 1457 convenientiam
1366 1394 1796 1460 conservatio-

338 1524 621 1588 nemque
658 1521 959 1582 naturae3
1012 1528 1205 1588 quam
1233 1508 1280 1568 fi
1314 1504 1641 1591 sequimur
1675 1508 1795 1572 du·

341 1642 504 1698 cem,
547 1624 899 1703 numquam
928 1623 1390 1698 aberrabimus;
1423 1621 1798 1706 sequemur-

343 1756 467 1817 que
491 1753 559 1799 et
587 1737 655 1798 id
682 1738 859 1819 quod
883 1751 1143 1800 acutum
1162 1752 1224 1799 et
1254 1736 1581 1820 perspicax
1606 1752 1799 1801 natu-

343 1874 415 1915 ra
441 1853 568 1926 est3
598 1869 662 1915 et
689 1850 755 1913 id
784 1852 963 1934 quod
996 1852 1077 1914 ad
1105 1851 1446 1915 hominum
1473 1850 1798 1915 consocia-

346 1969 593 2032 tionem
617 1970 1210 2044 accommodatum,
1239 1982 1303 2030 et
1331 1968 1396 2031 id
1415 1968 1592 2050 quod
1609 1969 1801 2030 vehe-

348 2098 528 2149 mens
555 2100 752 2169 atque
780 2083 969 2149 forte.
1024 2083 1128 2148 sed
1157 2085 1434 2148 maxima
1459 2084 1552 2146 vis
1579 2084 1800 2148 decori

350 2201 415 2264 in
441 2202 561 2262 hac
585 2199 743 2262 inest
766 2216 968 2283 parte,
990 2201 1071 2263 de
1095 2219 1220 2283 qua
1237 2197 1662 2283 disputamust
1686 2222 1800 2262 ne-

353 2334 478 2396 que
505 2313 679 2374 enim
702 2309 907 2375 solum
926 2315 1238 2396 corporiS,
1255 2313 1368 2395 qui
1394 2312 1473 2374 ad
1500 2327 1797 2377 naturam

351 2427 486 2509 apti
531 2424 703 2500 sunt,
756 2423 860 2489 sed
912 2429 1122 2490 multo
1174 2428 1360 2490 etiam
1412 2428 1608 2510 magis
1664 2431 1801 2509 ani-

353 2539 443 2601 mi
470 2552 686 2601 motus
716 2539 1053 2620 probandi,
1081 2541 1191 2623 qui
1218 2541 1372 2602 item
1397 2540 1477 2601 ad
1506 2560 1799 2604 naturam

352 2654 818 2719 accommodati
853 2654 1016 2719 sunt.
1067 2657 1310 2739 duplex
1357 2657 1448 2718 est
1489 2658 1659 2720 enim
1709 2660 1800 2720 vis

356 2770 721 2833 animorum
745 2783 939 2854 atque
963 2787 1255 2834 naturae:
1284 2791 1412 2835 una
1440 2791 1579 2855 pars
1604 2773 1668 2833 in
1690 2794 1802 2854 ap-

356 2887 557 2968 petitu
609 2885 808 2968 pofita
856 2887 967 2963 est,
1006 2908 1167 2970 quae
1211 2888 1300 2949 est
1333 2886 1469 2972 ὁρμὴ
1529 2887 1801 2963 Graece,

360 3019 517 3080 quae
553 3000 884 3063 hominem
911 3003 1038 3063 huc
1065 3014 1126 3062 et
1157 3001 1309 3062 illuc
1343 3000 1550 3081 rapite
1601 3000 1803 3061 altera

362 3111 425 3175 in
453 3114 728 3191 ratione,
765 3136 926 3198 quae
961 3114 1149 3178 docet
1185 3128 1248 3175 et
1282 3091 1606 3195 explanat,
1642 3113 1801 3194 quid

365 3222 726 3294 faciendum
761 3228 1267 3317 fugiendumque
1302 3230 1405 3296 fit:
1457 3229 1542 3296 ita
1577 3229 1678 3310 fit,
1725 3240 1801 3294 ut

1037 3331 1071 3395 1
