2499 4196
717 458 793 536 84
1145 461 1254 511 DE
1324 460 1728 511 OFFICIIS

714 596 819 651 'me
844 586 987 652 sunt
1015 587 1317 674 fugienda
1342 614 1362 664 3
1419 610 1498 651 ne
1524 587 1688 670 quid*
1715 585 2157 650 effeminatum

716 715 828 765 aut
850 703 1066 781 molle,
1094 718 1155 765 et
1183 724 1262 766 ne
1288 703 1443 785 quid
1466 703 1702 765 durum
1716 715 1825 765 aut
1848 705 2157 766 rusticum

714 815 814 880 fit.
886 838 1002 880 nec
1037 838 1190 880 vero
1224 816 1630 880 histrionibus
1667 808 2156 898 orator-ihusque

717 928 1201 990 concedendum
1237 927 1350 1004 est,
1408 942 1481 990 ut
1518 928 1585 988 iis
1633 927 1782 989 haec
1833 942 1982 1010 apta
2016 928 2156 1002 fint,

713 1044 894 1105 nobis
919 1040 1232 1106 diffoluta.
1283 1041 1715 1104 scaenicorum
1741 1044 1999 1126 quidem
2022 1066 2156 1106 mos

715 1174 959 1222 tantam
987 1156 1176 1221 habet
1204 1168 1413 1220 vetere
1442 1154 1761 1239 disciplina
1786 1159 2157 1221 verecundi-

716 1298 843 1352 am,
869 1290 943 1338 ut
971 1277 1034 1337 in
1059 1272 1341 1337 scaenam
1370 1273 1493 1334 fine
1513 1269 1901 1355 subligaculo
1928 1273 2157 1356 prode-

717 1402 780 1452 :t
808 1406 1035 1451 nemo:
1084 1390 1385 1451 verentur
1411 1389 1601 1463 enim,
1640 1390 1741 1465 ne,
1777 1388 1822 1449 fi
1852 1384 1986 1470 quo
2015 1386 2152 1449 casu

715 1505 1018 1575 evenerit,
1072 1518 1144 1567 ut
1181 1504 1470 1586 corporis
1500 1515 1708 1586 partes
1746 1501 2059 1584 quaedam
2093 1523 2152 1563 a·

715 1621 1067 1703 periantur,
1094 1619 1521 1703 adspiciantur
1547 1636 1677 1682 non
1707 1620 1958 1710 decore.
2014 1617 2152 1681 nos-

714 1753 818 1797 tro
844 1735 1102 1818 quidem
1126 1756 1305 1796 more
1329 1755 1471 1795 curn
1504 1734 1862 1815 parentibus
1888 1733 2149 1815 puberes

714 1849 851 1925 filii,
878 1871 1025 1912 cum
1050 1847 1277 1912 soceris
1306 1850 1517 1933 generi
1545 1870 1677 1911 non
1700 1850 2017 1911 lavantur.
2056 1868 2149 1908 re-

715 1961 979 2025 tinenda
1004 1962 1091 2024 est
1129 1962 1324 2045 igitur
1350 1959 1540 2040 hujus
1569 1962 1811 2043 generis
1848 1979 2150 2023 verecun-

713 2076 842 2154 dia,
867 2075 1228 2160 praesertim
1256 2090 1481 2139 natura
1507 2073 1631 2158 ipsa
1654 2075 1942 2159 magistra
1962 2088 2022 2136 et
2038 2074 2152 2136 du·-

714 2214 806 2257 ce.
861 2192 1030 2256 Cum
1052 2207 1264 2256 autem
1289 2184 1777 2276 pulchritudinis
1806 2190 1939 2253 duo
1967 2209 2147 2273 gene·
2171 2206 2221 2260 3⁶

714 2327 786 2370 ra
813 2306 956 2378 fint,
996 2329 1276 2390 quorum
1318 2310 1381 2369 in
1411 2309 1613 2370 altero
1642 2307 1930 2369 venustas
1961 2307 2051 2379 fit,
2092 2305 2154 2366 in

715 2420 912 2483 altero
965 2421 1272 2503 dignitas3
1341 2421 1729 2483 venustatem
1782 2415 2153 2482 muliebrem

717 2533 949 2595 ducere
978 2532 1300 2608 debemuS,
1337 2533 1713 2616 dignitatem
1740 2532 2007 2594 virilem.
2060 2553 2153 2594 er·

719 2666 802 2731 go
820 2659 881 2707 et
909 2667 941 2707 a
965 2643 1170 2707 forma
1196 2650 1603 2707 removeatur
1627 2646 1831 2706 omnis
1859 2646 1999 2706 viro
2027 2653 2154 2705 non

718 2759 950 2844 dignus
983 2776 1251 2824 'ornatus
1278 2786 1295 2834 3
1334 2776 1395 2823 et
1427 2763 1576 2822 huic
1606 2759 1797 2822 fimile
1828 2759 2055 2820 vitium
2093 2759 2154 2818 in

719 2875 895 2956 gestu
932 2890 1244 2954 motuque
1282 2890 1619 2935 caveatur:
1676 2889 1821 2933 nam
1859 2887 1917 2931 et
1958 2871 2157 2952 palae-

720 2992 887 3052 strici
924 3004 1139 3054 motus
1176 2988 1527 3072 saepe'sunt
1565 2989 1935 3064 odiofioreS,
1974 2991 2036 3048 et
2066 2988 2157 3047 hi·

719 3103 1030 3165 strionum
1061 3105 1352 3165 nonnulli
1381 3105 1586 3187 gestus
1615 3103 1864 3185 ineptiis
1896 3106 2028 3163 nnn
2059 3123 2160 3161 va-

720 3231 899 3294 cant5
930 3219 1078 3281 etin
1107 3231 1386 3300 utroque
1402 3235 1656 3302 genere,
1686 3235 1844 3299 quae
1865 3211 2010 3276 sunt
2030 3234 2160 3275 rec-
