2499 4196
641 318 754 377 190
1080 307 1193 360 DE
1262 307 1671 362 urricus

631 448 949 507 naturam,
969 428 1230 514 spoliare
1254 454 1426 510 eum,
1449 433 1494 493 fi
1518 432 1724 515 poffis,
1739 453 1932 515 quem
1954 435 2079 498 ho-

630 547 878 610 nestum
903 547 989 607 est
1010 565 1262 609 necare:
1293 539 1485 628 atque
1513 549 1639 609 hoc
1666 569 1856 610 omne
1880 569 2080 631 genus

629 660 999 746 pestiferum
1042 675 1233 743 atque
1280 663 1549 745 impium
1605 683 1686 723 ex
1737 663 2081 736 hominum

629 778 1090 840 communitate
1108 779 1668 841 exterminandum
1692 780 1798 844 est.
1823 781 2081 856 etenim,

625 912 699 958 ut
723 894 1006 955 membra
1027 894 1340 974 quaedam
1366 908 1807 977 amputantur,
1831 893 1879 956 fi
1901 909 1963 955 et
1986 894 2079 977 ip·

625 1010 686 1074 sa
711 1012 1012 1093 sanguine
1036 1025 1095 1071 et
1121 1026 1442 1093 tamquam
1468 1007 1689 1091 spiritu
1707 1030 1920 1071 carere
1937 1030 2083 1071 coe-

626 1143 888 1211 perunt,
933 1142 995 1190 et
1033 1143 1268 1188 nocent
1315 1127 1575 1208 reliquis
1612 1125 1896 1207 partibus
1935 1146 2081 1187 cor·-

626 1245 833 1328 poris;
881 1243 962 1304 fic
1002 1244 1132 1312 ista,
1171 1242 1232 1304 in
1269 1242 1476 1324 figura
1511 1240 1809 1315 homink,
1868 1239 2082 1301 feritas

626 1375 684 1420 et
712 1359 1067 1420 immanitas
1085 1357 1325 1417 belluae
1352 1379 1384 1416 a
1405 1353 1734 1418 communi
1755 1372 2084 1435 tamquam

625 1476 1014 1535 humanitate
1033 1472 1321 1554 corporis
1343 1469 1723 1554 segreganda
1739 1470 1850 1533 est.
1886 1469 2081 1548 hujus

626 1592 868 1674 generis
896 1587 1035 1651 sunt
1051 1587 1446 1671 quaestiones
1470 1609 1688 1650 omnes
1714 1608 1840 1658 eae,
1858 1588 1921 1655 in
1938 1587 2083 1668 qui-

624 1709 743 1774 bus
761 1728 840 1768 ex
863 1720 1149 1787 tempore
1175 1703 1460 1774 officium
1486 1704 1873 1784 exquiritur.
1900 1699 2075 1780 Ejus-

626 1824 801 1908 modi
823 1822 1017 1905 igitur
1045 1821 1240 1887 credo
1264 1842 1362 1883 res
1383 1818 1759 1882 Panaetium
1787 1818 2081 1902 persecu-

627 1952 853 2000 turum
888 1932 1094 2011 fuiffe‚
1131 1935 1245 1997 nifi
1274 1936 1499 2017 aliquis
1532 1933 1700 1998 casus
1736 1951 1846 1998 aut
1884 1957 2083 1998 occu-

625 2052 801 2136 patio
835 2050 1166 2114 confilium
1201 2053 1332 2132 ejus
1370 2051 1745 2134 peremifl'et:
1805 2054 1884 2121 ad
1923 2074 2082 2136 quas

625 2167 783 2250 ipsas
812 2165 1311 2230 consultationes
1340 2189 1419 2230 ex
1448 2167 1875 2251 superioribus
1900 2170 2077 2232 libris

624 2284 769 2349 satis
797 2285 1000 2347 multa
1026 2300 1357 2367 praecepta
1383 2282 1554 2361 sunt,
1586 2286 1816 2367 quibus
1846 2284 2082 2367 perspi-.-

628 2403 685 2465 ci
720 2402 925 2485 poffit‚
980 2402 1136 2484 quid
1188 2401 1262 2463 fit
1304 2417 1569 2484 propter
1606 2383 2080 2483 turpitudinem

625 2517 1045 2600 fugiendum3
1077 2517 1232 2598 quid
1262 2518 1503 2579 idcirco
1531 2516 1912 2601 fugiendum
1939 2540 2078 2582 non

624 2636 726 2710 fit,
764 2634 912 2715 quia
938 2632 1205 2693 omnino
1233 2646 1420 2715 turpe
1449 2654 1579 2696 non
1607 2635 1713 2697 est.
1752 2631 1877 2709 sed,
1913 2654 2095 2714 quo-¹

626 2753 796 2815 niam
824 2750 1000 2830 operi
1024 2749 1322 2812 inchoato
1353 2764 1415 2812 et
1454 2773 1653 2835 prope
1674 2751 1806 2830 jam
1829 2749 2080 2813 absolu-

626 2883 694 2930 to
720 2883 1043 2947 tamquam
1070 2863 1386 2949 fastigium
1414 2869 1824 2950 imponimus,
1862 2882 1937 2929 ut
1972 2887 2079 2949 ge-

625 2996 909 3044 ometrae
965 2979 1166 3042 solent
1220 3002 1355 3044 non
1406 2985 1622 3045 omnia
1660 2984 1914 3059 docere,
1971 2981 2078 3045 sed

623 3096 962 3188 postulare,
1000 3111 1074 3162 ut
1114 3101 1426 3185 quaedam
1459 3098 1570 3165 fibi
1606 3101 2071 3177 concedantur,
