2499 4196
734 400 1012 451 LIBER
1067 397 1505 451 TERTIUS.
1725 399 1834 469 195'

407 524 548 604 mit,
575 522 822 589 sustulit
868 548 1030 609 quos
1073 527 1316 589 obstare
1365 524 1833 597 arbitrabatur;

408 642 615 704 nec'in
649 642 747 703 his
781 639 1165 703 facinoribus
1190 662 1338 703 eum
1363 637 1697 722 quisquam
1728 656 1846 717 po-

409 754 534 816 tuit
562 754 808 840 videre-z
860 754 942 817 fic
989 769 1241 837 repente
1276 753 1490 816 annuli
1535 748 1845 813 beneficio

411 885 529 927 rex
550 880 809 929 exortus
831 868 918 930 est
939 866 1196 951 Lydiae.
1228 867 1397 928 hunc
1423 866 1615 948 igitur
1638 862 1844 947 ipsum

414 976 720 1040 annulum
752 978 799 1041 fi
823 969 1055 1041 ¹habeat
1090 976 1352 1060 sapiens,
1389 978 1544 1039 nihil
1571 976 1707 1059 plus
1736 975 1844 1037 fibi

408 1088 606 1153 «licere
641 1104 822 1174 putet
859 1113 1138 1175 peccare,
1191 1104 1394 1173 quarn·
1417 1090 1460 1153 fi
1495 1111 1626 1153 non
1654 1090 1847 1151 babe-

415 1215 543 1263 ret:
567 1202 826 1265 honesta
848 1206 1016 1265 enim
1038 1204 1219 1266 bonis
1244 1204 1414 1278 viriS‚
1442 1223 1571 1264 non
1598 1201 1848 1263 occulta

244 1312 262 1332 ‘
333 1325 336 1326 ’
413 1330 836 1398 quaeruntur.
888 1318 1073 1399 atqui
1131 1318 1437 1380 hocloco
1491 1313 1848 1399 philosophi

411 1429 696 1513 quidam,
713 1431 974 1498 minime
998 1431 1142 1493 mali
1171 1431 1258 1492 illi
1283 1431 1563 1513 quidem,
1589 1426 1691 1491 sed
1716 1449 1849 1490 non

409 1541 556 1605 satis
589 1544 775 1617 acuti,
811 1544 1020 1608 fiftam
1050 1559 1113 1607 et
1142 1543 1635 1608 commentitiam
1664 1540 1848 1604 fabu-

342 1637 347 1645 ⁵
408 1653 536 1718 iam
562 1657 783 1721 dicunt
812 1659 1124 1739 prolatam
1150 1680 1184 1720 a
1209 1657 1505 1721 Platone:
1542 1656 1715 1737 quasi
1742 1676 1849 1716 ve-

412 1788 490 1830 ro
515 1766 616 1830 ille
651 1781 759 1831 aut
794 1767 1032 1832 faffitum
1070 1769 1135 1831 id
1171 1767 1308 1844 effe,
1343 1786 1453 1831 aut
1488 1769 1626 1830 fieri
1663 1783 1853 1849 potu-

416 1874 519 1940 iffe
543 1878 866 1941 defendat.
899 1881 1051 1941 haec
1078 1879 1167 1941 est
1192 1881 1284 1941 vis
1312 1880 1501 1958 hujus
1525 1881 1767 1956 annuli,
1789 1893 1852 1941 et

417 1988 612 2068 hujus
646 1992 948 2074 exempli:
1007 1992 1054 2053 fi
1104 2014 1294 2056 nemo
1330 1992 1625 2071 scituruS,
1664 2016 1854 2057 nemo

418 2124 502 2167 ne
532 2101 958 2187 'suspicaturus
995 2106 1254 2189 quidem
1287 2107 1381 2182 fit,
1434 2131 1579 2170 cum
1617 2107 1857 2190 aliquid

418 2216 812 2299 divitiarum,
847 2220 1191 2300 potentiae,
1224 2221 1694 2298 dominationis,
1721 2222 1857 2283 libi-

420 2331 585 2393 dinis
608 2329 808 2394 ca'ufl‘a
823 2331 1043 2395 feceris
1060 2358 1079 2409 3
1096 2335 1141 2394 fi
1158 2335 1221 2396 id
1237 2337 1354 2399 diis
1373 2335 1858 2418 hominibusque

417 2441 721 2507 futurum
754 2443 829 2507 fit
857 2443 1100 2528 semper
1127 2448 1446 2532 ignotum,
1480 2450 1631 2513 fisne
1658 2450 1858 2514 fafitu-

418 2555 570 2623 rus?
599 2573 835 2641 negant
858 2558 922 2621 id
945 2561 1085 2623 fieri
1107 2561 1304 2645 poffe:
1334 2585 1720 2646 quamquam
1745 2586 1863 2648 po-

420 2673 534 2734 test
563 2673 628 2733 id
657 2673 943 2754 quidem:
978 2673 1078 2738 sed
1116 2698 1380 2758 quaem,
1419 2680 1598 2761 quod
1633 2686 1864 2762 negant

423 2779 617 2865 posse,
645 2784 710 2844 id
738 2785 784 2845 fi
812 2785 1029 2869 posset,
1066 2789 1373 2874 quidnam
1400 2789 1722 2854 facerent?
1757 2815 1864 2855 ur-

420 2912 571 2980 gent
593 2897 819 2960 rustice
846 2897 1018 2964 sane:
1046 2894 1279 2986 negant
1306 2906 1471 2966 enim
1494 2904 1685 2987 posse,
1710 2918 1771 2967 et
1797 2907 1864 2969 in

423 3028 500 3070 eo
525 3009 824 3091 perstant.
853 3013 978 3076 hoc
1002 3016 1267 3076 verbum
1295 3015 1449 3097 quid
1481 3017 1705 3091 valeat,
1731 3036 1864 3080 non

421 3123 673 3188 vident:
732 3146 878 3190 cum
914 3127 1082 3192 enim
1121 3130 1509 3209 quaet-imm,
1555 3131 1597 3191 fi
1636 3131 1864 3215 poffint

1060 3225 1112 3289 B
1138 3231 1176 3290 b
1223 3246 1257 3293 2
