2499 4196
667 409 979 474 -mnffik
1039 410 1552 460 snouunus,
1748 391 1888 483 '139

436 531 637 596 solent
666 529 765 616 (ut
788 536 864 598 de
891 535 1322 605 Demosthene
1348 536 1769 618 accepimus);
1807 557 1880 598 ea

439 666 635 712 aetate
651 650 989 713 L.Craffus
1011 652 1304 725 ostendit,
1325 652 1388 713 id
1417 650 1476 713 se
1501 654 1564 713 in
1590 649 1741 714 foro
1765 672 1881 734 op·

438 764 588 827 time
616 766 746 845 jam
776 765 1004 843 facere,
1034 768 1212 849 quod
1239 768 1427 830 etiam
1455 782 1594 831 tum
1623 783 1881 851 poterat

365 902 419 941 14
438 879 615 941 domi
643 902 790 941 cum
818 882 1003 942 laude
1034 882 1348 946 meditari.
1399 882 1546 955 Sed,
1584 907 1732 946 cum
1756 884 1879 947 du·

435 991 583 1075 plex
611 995 773 1055 ratio
808 994 879 1055 fit
915 997 1246 1068 orationiS,
1286 1018 1557 1080 quarum
1584 999 1649 1060 in
1677 999 1879 1064 altera

437 1102 645 1169 sermo
682 1108 778 1184 fit,
815 1110 878 1170 in
915 1110 1103 1173 altera
1131 1113 1499 1187 contenti03
1538 1136 1673 1177 non
1699 1115 1786 1176 est
1811 1114 1878 1175 id

439 1222 698 1301 ‚quidem
717 1224 1003 1301 dubium,
1024 1226 1178 1307 quin
1206 1229 1538 1291 contentio
1568 1228 1878 1291 orationis
1911 1247 1917 1254 ·

437 1336 743 1412 majorem
782 1340 908 1401 vim
955 1341 1178 1402 habeat
1214 1342 1292 1403 ad
1337 1344 1637 1426 gloriam:
1682 1366 1755 1406 ea
1788 1345 1880 1407 est

434 1454 629 1525 enim,
661 1476 852 1534 quam
881 1456 1308 1537 eloquentiam
1335 1459 1626 1522 dicimus:
1655 1457 1757 1522 sed
1781 1473 1877 1522 ta-

434 1589 578 1630 men
598 1569 863 1631 ‘difficile
888 1572 1057 1634 dian
1088 1573 1197 1649 est,
1228 1594 1624 1660 quantopere
1660 1579 1877 1643 conci·

431 1681 539 1742 liet
569 1686 811 1750 animos
849 1687 1111 1749 comitas
1147 1689 1600 1776 affabilitasque
1637 1692 1878 1757 sermo-

432 1795 549 1855 nis.
606 1799 850 1861 exstant
887 1802 1181 1883 epistolae
1211 1819 1274 1865 et
1310 1804 1589 1891 Philippi
1617 1792 1694 1870 aa
1723 1811 1877 1871 Ale-

429 1910 771 1988 xandrum,
802 1929 863 1975 et
890 1915 1205 1997 Antipatri
1235 1920 1314 1980 ad
1339 1919 1776 2002 Cassandrum,
1813 1944 1878 1990 et

434 2025 842 2108 Antigoniad
858 2029 1223 2114 Philippum
1247 2032 1474 2112 filium,
1500 2038 1699 2102 trium
1722 2063 1878 2124 pru-

430 2145 937 2211 dentiffimorum
969 2147 1075 2226 (fic
1100 2153 1270 2214 enim
1301 2152 1707 2237 accepimus),
1732 2160 1876 2242 qui-

428 2260 546 2321 bus
573 2264 991 2345 praecipiunt,
1012 2282 1085 2329 ut
1103 2269 1395 2333 oratione
1415 2273 1688 2357 benigna
1707 2278 1877 2338 mul-

430 2380 717 2441 titudinis
754 2383 998 2444 animos
1035 2385 1112 2445 ad
1152 2386 1647 2452 benevolentiam
1683 2391 1877 2454 allici-

425 2509 558 2571 ant,
589 2495 941 2580 militesque
967 2500 1204 2563 blando
1229 2503 1605 2585 appellando
1637 2505 1877 2571 sermo-

428 2633 508 2679 ne
544 2611 871 2674 deliniant.
919 2636 1077 2696 quae
1108 2630 1322 2697 alutem
1358 2621 1423 2681 in
1460 2622 1874 2689 multitudine

427 2750 573 2791 cum
604 2729 1020 2793 contentione
1046 2734 1321 2797 habetur
1347 2737 1575 2813 orati0,
1599 2759 1669 2801 ea
1697 2738 1872 2823 saepe

424 2842 780 2906 universam
805 2848 1070 2910 excitat:
1115 2872 1339 2934 magna
1374 2853 1460 2914 est
1488 2855 1654 2916 enim
1681 2856 1878 2919 admi-

422 2961 591 3021 ratio
617 2959 867 3043 copiose
894 2960 1333 3048 sapienterque
1357 2968 1658 3045 dicentis;
1681 2992 1874 3053 quem

424 3076 535 3155 qui
586 3076 883 3152 audiunt,
932 3076 1295 3164 intelligere*
1324 3084 1507 3159 etiam
1554 3098 1618 3146 et
1661 3083 1871 3168 sapere

422 3191 561 3274 plus
598 3214 790 3277 quam
827 3211 1110 3261 caeteros
1163 3200 1587 3265 arbitrantur:
1637 3201 1682 3263 fi
1716 3224 1870 3272 vero

1084 3298 1126 3361 S
1177 3318 1210 3363 2
