<?xml version="1.0" encoding="UTF-8"?>
<!DOCTYPE html PUBLIC "-//W3C//DTD XHTML 1.0 Transitional//EN"
    "http://www.w3.org/TR/xhtml1/DTD/xhtml1-transitional.dtd">
<html xmlns="http://www.w3.org/1999/xhtml" xml:lang="en" lang="en">
 <head>
  <title>
</title>
<meta http-equiv="Content-Type" content="text/html;charset=utf-8" />
  <meta name='ocr-system' content='tesseract 3.04.00' />
  <meta name='ocr-capabilities' content='ocr_page ocr_carea ocr_par ocr_line ocrx_word'/>
</head>
<body>
  <div class='ocr_page' id='page_1' title='image "./marcitulliicice01cicegoog_0139.png"; bbox 0 0 2499 4196; ppageno 0'>
   <div class='ocr_carea' id='block_1_1' title="bbox 617 467 1809 557">
    <p class='ocr_par' dir='ltr' id='par_1_1' title="bbox 617 467 1809 557">
     <span class='ocr_line' id='line_1_1' title="bbox 617 467 1809 557; baseline 0.029 -35"><span class='ocrx_word' id='word_1_1' title='bbox 617 467 903 529; x_wconf 76' lang='lat' dir='ltr'>LIBER</span> <span class='ocrx_word' id='word_1_2' title='bbox 965 480 1482 545; x_wconf 75' lang='lat' dir='ltr'><strong>SECUNDUS·</strong></span> <span class='ocrx_word' id='word_1_3' title='bbox 1705 512 1809 557; x_wconf 89' lang='lat'>121</span> 
     </span>
    </p>
   </div>
   <div class='ocr_carea' id='block_1_2' title="bbox 273 602 1819 3340">
    <p class='ocr_par' dir='ltr' id='par_1_2' title="bbox 273 602 1819 3340">
     <span class='ocr_line' id='line_1_2' title="bbox 369 602 1816 692; baseline 0.019 -33"><span class='ocrx_word' id='word_1_4' title='bbox 369 602 679 677; x_wconf 68' lang='lat' dir='ltr'>quoniam</span> <span class='ocrx_word' id='word_1_5' title='bbox 705 627 1177 692; x_wconf 85' lang='lat' dir='ltr'>nonnunquam</span> <span class='ocrx_word' id='word_1_6' title='bbox 1198 616 1323 682; x_wconf 91' lang='lat' dir='ltr'>hoc</span> <span class='ocrx_word' id='word_1_7' title='bbox 1338 617 1679 688; x_wconf 77' lang='lat' dir='ltr'>subsidium</span> <span class='ocrx_word' id='word_1_8' title='bbox 1706 649 1816 691; x_wconf 78' lang='lat' dir='ltr'>ne.</span> 
     </span>
     <span class='ocr_line' id='line_1_3' title="bbox 367 713 1819 807; baseline 0.024 -34"><span class='ocrx_word' id='word_1_9' title='bbox 367 713 697 780; x_wconf 74' lang='lat' dir='ltr'>cessarium</span> <span class='ocrx_word' id='word_1_10' title='bbox 716 722 825 796; x_wconf 90' lang='lat' dir='ltr'>est,</span> <span class='ocrx_word' id='word_1_11' title='bbox 839 729 1386 803; x_wconf 84' lang='lat' dir='ltr'>quemadmodum</span> <span class='ocrx_word' id='word_1_12' title='bbox 1406 736 1479 800; x_wconf 87' lang='lat' dir='ltr'>fit</span> <span class='ocrx_word' id='word_1_13' title='bbox 1494 743 1819 807; x_wconf 87' lang='lat' dir='ltr'>utendum·</span> 
     </span>
     <span class='ocr_line' id='line_1_4' title="bbox 369 830 1814 934; baseline 0.023 -48"><span class='ocrx_word' id='word_1_14' title='bbox 369 846 447 890; x_wconf 85' lang='lat' dir='ltr'>eo</span> <span class='ocrx_word' id='word_1_15' title='bbox 474 830 784 909; x_wconf 82' lang='lat' dir='ltr'>dicemus,</span> <span class='ocrx_word' id='word_1_16' title='bbox 808 835 851 896; x_wconf 87' lang='lat' dir='ltr'>fi</span> <span class='ocrx_word' id='word_1_17' title='bbox 878 840 1051 918; x_wconf 82' lang='lat' dir='ltr'>prius</span> <span class='ocrx_word' id='word_1_18' title='bbox 1077 842 1144 903; x_wconf 81' lang='lat' dir='ltr'>iis</span> <span class='ocrx_word' id='word_1_19' title='bbox 1162 843 1238 905; x_wconf 87' lang='lat' dir='ltr'>de</span> <span class='ocrx_word' id='word_1_20' title='bbox 1267 847 1475 930; x_wconf 71' lang='lat' dir='ltr'>rebus,</span> <span class='ocrx_word' id='word_1_21' title='bbox 1499 873 1662 934; x_wconf 85' lang='lat' dir='ltr'>quae</span> <span class='ocrx_word' id='word_1_22' title='bbox 1685 856 1814 918; x_wconf 83' lang='lat' dir='ltr'>vir-</span> 
     </span>
     <span class='ocr_line' id='line_1_5' title="bbox 369 948 1813 1051; baseline 0.022 -47"><span class='ocrx_word' id='word_1_23' title='bbox 369 948 497 1012; x_wconf 87' lang='lat' dir='ltr'>tuti</span> <span class='ocrx_word' id='word_1_24' title='bbox 534 950 866 1032; x_wconf 84' lang='lat' dir='ltr'>propiores</span> <span class='ocrx_word' id='word_1_25' title='bbox 904 952 1070 1028; x_wconf 88' lang='lat' dir='ltr'>sunt,</span> <span class='ocrx_word' id='word_1_26' title='bbox 1106 959 1472 1027; x_wconf 79' lang='lat' dir='ltr'>dixerimus.</span> <span class='ocrx_word' id='word_1_27' title='bbox 1526 988 1717 1051; x_wconf 84' lang='lat' dir='ltr'>atque</span> <span class='ocrx_word' id='word_1_28' title='bbox 1745 995 1813 1034; x_wconf 56' lang='lat' dir='ltr'>e*</span> 
     </span>
     <span class='ocr_line' id='line_1_6' title="bbox 367 1061 1809 1163; baseline 0.022 -43"><span class='ocrx_word' id='word_1_29' title='bbox 367 1061 520 1124; x_wconf 87' lang='lat' dir='ltr'>tiam</span> <span class='ocrx_word' id='word_1_30' title='bbox 547 1061 885 1143; x_wconf 86' lang='lat' dir='ltr'>subjiciunt</span> <span class='ocrx_word' id='word_1_31' title='bbox 915 1070 972 1132; x_wconf 86' lang='lat' dir='ltr'>se</span> <span class='ocrx_word' id='word_1_32' title='bbox 997 1072 1285 1139; x_wconf 80' lang='lat' dir='ltr'>homines</span> <span class='ocrx_word' id='word_1_33' title='bbox 1309 1080 1575 1163; x_wconf 79' lang='lat' dir='ltr'>imperio</span> <span class='ocrx_word' id='word_1_34' title='bbox 1602 1088 1809 1151; x_wconf 84' lang='lat' dir='ltr'>alteri·</span> 
     </span>
     <span class='ocr_line' id='line_1_7' title="bbox 362 1180 1808 1267; baseline 0.018 -27"><span class='ocrx_word' id='word_1_35' title='bbox 362 1188 440 1240; x_wconf 71' lang='lat' dir='ltr'>ns</span> <span class='ocrx_word' id='word_1_36' title='bbox 465 1193 525 1239; x_wconf 86' lang='lat' dir='ltr'>et</span> <span class='ocrx_word' id='word_1_37' title='bbox 547 1180 861 1261; x_wconf 86' lang='lat' dir='ltr'>potestati,</span> <span class='ocrx_word' id='word_1_38' title='bbox 890 1186 1179 1267; x_wconf 80' lang='lat' dir='ltr'>pluribus</span> <span class='ocrx_word' id='word_1_39' title='bbox 1203 1192 1282 1254; x_wconf 88' lang='lat' dir='ltr'>de</span> <span class='ocrx_word' id='word_1_40' title='bbox 1305 1196 1530 1264; x_wconf 81' lang='lat' dir='ltr'>caufis:</span> <span class='ocrx_word' id='word_1_41' title='bbox 1558 1199 1808 1265; x_wconf 90' lang='lat' dir='ltr'>ducun-</span> 
     </span>
     <span class='ocr_line' id='line_1_8' title="bbox 363 1294 1808 1381; baseline 0.024 -33"><span class='ocrx_word' id='word_1_42' title='bbox 363 1304 474 1356; x_wconf 82' lang='lat' dir='ltr'>tur</span> <span class='ocrx_word' id='word_1_43' title='bbox 507 1294 677 1358; x_wconf 85' lang='lat' dir='ltr'>enim</span> <span class='ocrx_word' id='word_1_44' title='bbox 714 1316 823 1360; x_wconf 85' lang='lat' dir='ltr'>aut</span> <span class='ocrx_word' id='word_1_45' title='bbox 859 1300 1325 1381; x_wconf 84' lang='lat' dir='ltr'>benevolentia,</span> <span class='ocrx_word' id='word_1_46' title='bbox 1365 1327 1473 1374; x_wconf 83' lang='lat' dir='ltr'>aut</span> <span class='ocrx_word' id='word_1_47' title='bbox 1511 1315 1808 1381; x_wconf 73' lang='lat' dir='ltr'>benefici·</span> 
     </span>
     <span class='ocr_line' id='line_1_9' title="bbox 357 1410 1806 1514; baseline 0.018 -44"><span class='ocrx_word' id='word_1_48' title='bbox 357 1425 553 1472; x_wconf 79' lang='lat' dir='ltr'>orum</span> <span class='ocrx_word' id='word_1_49' title='bbox 592 1410 1051 1491; x_wconf 77' lang='lat' dir='ltr'>magnitudine,</span> <span class='ocrx_word' id='word_1_50' title='bbox 1100 1435 1209 1481; x_wconf 87' lang='lat' dir='ltr'>aut</span> <span class='ocrx_word' id='word_1_51' title='bbox 1243 1422 1569 1505; x_wconf 83' lang='lat' dir='ltr'>dignitatis</span> <span class='ocrx_word' id='word_1_52' title='bbox 1623 1452 1806 1514; x_wconf 75' lang='lat' dir='ltr'>prae-</span> 
     </span>
     <span class='ocr_line' id='line_1_10' title="bbox 357 1521 1799 1620; baseline 0.019 -37"><span class='ocrx_word' id='word_1_53' title='bbox 357 1521 606 1594; x_wconf 82' lang='lat' dir='ltr'>stantia,</span> <span class='ocrx_word' id='word_1_54' title='bbox 643 1539 753 1587; x_wconf 88' lang='lat' dir='ltr'>aut</span> <span class='ocrx_word' id='word_1_55' title='bbox 782 1526 882 1609; x_wconf 86' lang='lat' dir='ltr'>spe</span> <span class='ocrx_word' id='word_1_56' title='bbox 910 1528 1020 1591; x_wconf 85' lang='lat' dir='ltr'>fibi</span> <span class='ocrx_word' id='word_1_57' title='bbox 1052 1532 1115 1592; x_wconf 88' lang='lat' dir='ltr'>id</span> <span class='ocrx_word' id='word_1_58' title='bbox 1144 1536 1297 1599; x_wconf 83' lang='lat' dir='ltr'>utile</span> <span class='ocrx_word' id='word_1_59' title='bbox 1328 1535 1649 1620; x_wconf 76' lang='lat' dir='ltr'>futurum,</span> <span class='ocrx_word' id='word_1_60' title='bbox 1686 1562 1799 1609; x_wconf 87' lang='lat' dir='ltr'>aut</span> 
     </span>
     <span class='ocr_line' id='line_1_11' title="bbox 355 1644 1800 1743; baseline 0.019 -44"><span class='ocrx_word' id='word_1_61' title='bbox 355 1653 533 1702; x_wconf 84' lang='lat' dir='ltr'>metu</span> <span class='ocrx_word' id='word_1_62' title='bbox 563 1655 642 1703; x_wconf 85' lang='lat' dir='ltr'>ne</span> <span class='ocrx_word' id='word_1_63' title='bbox 676 1644 739 1703; x_wconf 83' lang='lat' dir='ltr'>vi</span> <span class='ocrx_word' id='word_1_64' title='bbox 773 1663 992 1725; x_wconf 81' lang='lat' dir='ltr'>parere</span> <span class='ocrx_word' id='word_1_65' title='bbox 1027 1649 1367 1731; x_wconf 81' lang='lat' dir='ltr'>cogantur,</span> <span class='ocrx_word' id='word_1_66' title='bbox 1403 1673 1512 1720; x_wconf 86' lang='lat' dir='ltr'>aut</span> <span class='ocrx_word' id='word_1_67' title='bbox 1546 1658 1647 1743; x_wconf 86' lang='lat' dir='ltr'>spe</span> <span class='ocrx_word' id='word_1_68' title='bbox 1674 1664 1800 1724; x_wconf 82' lang='lat' dir='ltr'>lar·-</span> 
     </span>
     <span class='ocr_line' id='line_1_12' title="bbox 352 1754 1796 1856; baseline 0.018 -45"><span class='ocrx_word' id='word_1_69' title='bbox 352 1754 613 1834; x_wconf 84' lang='lat' dir='ltr'>gitionis</span> <span class='ocrx_word' id='word_1_70' title='bbox 651 1757 1286 1846; x_wconf 80' lang='lat' dir='ltr'>promiffionibusque</span> <span class='ocrx_word' id='word_1_71' title='bbox 1315 1770 1505 1850; x_wconf 88' lang='lat' dir='ltr'>capti,</span> <span class='ocrx_word' id='word_1_72' title='bbox 1544 1790 1652 1839; x_wconf 87' lang='lat' dir='ltr'>aut</span> <span class='ocrx_word' id='word_1_73' title='bbox 1678 1795 1796 1856; x_wconf 86' lang='lat' dir='ltr'>po·</span> 
     </span>
     <span class='ocr_line' id='line_1_13' title="bbox 353 1865 1797 1963; baseline 0.015 -33"><span class='ocrx_word' id='word_1_74' title='bbox 353 1867 586 1931; x_wconf 73' lang='lat' dir='ltr'>stretno</span> <span class='ocrx_word' id='word_1_75' title='bbox 618 1865 716 1945; x_wconf 91' lang='lat' dir='ltr'>(ut</span> <span class='ocrx_word' id='word_1_76' title='bbox 742 1869 918 1954; x_wconf 88' lang='lat' dir='ltr'>saepe</span> <span class='ocrx_word' id='word_1_77' title='bbox 947 1875 1013 1936; x_wconf 90' lang='lat' dir='ltr'>in</span> <span class='ocrx_word' id='word_1_78' title='bbox 1042 1876 1253 1941; x_wconf 85' lang='lat' dir='ltr'>nostra</span> <span class='ocrx_word' id='word_1_79' title='bbox 1281 1885 1599 1963; x_wconf 87' lang='lat' dir='ltr'>republica</span> <span class='ocrx_word' id='word_1_80' title='bbox 1622 1888 1797 1951; x_wconf 83' lang='lat' dir='ltr'>vide-</span> 
     </span>
     <span class='ocr_line' id='line_1_14' title="bbox 273 1969 1795 2064; baseline 0.019 -27"><span class='ocrx_word' id='word_1_81' title='bbox 273 1969 296 2015; x_wconf 79' lang='lat'>⁷</span> <span class='ocrx_word' id='word_1_82' title='bbox 350 1978 521 2055; x_wconf 81' lang='lat' dir='ltr'>mus)</span> <span class='ocrx_word' id='word_1_83' title='bbox 550 1985 841 2046; x_wconf 81' lang='lat' dir='ltr'>mercede</span> <span class='ocrx_word' id='word_1_84' title='bbox 866 1987 1188 2053; x_wconf 65' lang='lat' dir='ltr'>condufti.</span> <span class='ocrx_word' id='word_1_85' title='bbox 1242 1990 1557 2058; x_wconf 87' lang='lat' dir='ltr'>Omnium</span> <span class='ocrx_word' id='word_1_86' title='bbox 1579 2013 1795 2064; x_wconf 81' lang='lat' dir='ltr'>autem</span> 
     </span>
     <span class='ocr_line' id='line_1_15' title="bbox 345 2098 1794 2194; baseline 0.019 -43"><span class='ocrx_word' id='word_1_87' title='bbox 345 2114 565 2157; x_wconf 77' lang='lat' dir='ltr'>rerum</span> <span class='ocrx_word' id='word_1_88' title='bbox 590 2117 701 2158; x_wconf 89' lang='lat' dir='ltr'>nec</span> <span class='ocrx_word' id='word_1_89' title='bbox 726 2098 933 2180; x_wconf 86' lang='lat' dir='ltr'>aptius</span> <span class='ocrx_word' id='word_1_90' title='bbox 952 2101 1039 2162; x_wconf 89' lang='lat' dir='ltr'>est</span> <span class='ocrx_word' id='word_1_91' title='bbox 1057 2103 1409 2186; x_wconf 87' lang='lat' dir='ltr'>quidquam</span> <span class='ocrx_word' id='word_1_92' title='bbox 1433 2110 1510 2175; x_wconf 82' lang='lat' dir='ltr'>ad</span> <span class='ocrx_word' id='word_1_93' title='bbox 1524 2131 1675 2194; x_wconf 80' lang='lat' dir='ltr'>opes</span> <span class='ocrx_word' id='word_1_94' title='bbox 1688 2128 1794 2179; x_wconf 86' lang='lat' dir='ltr'>tu-</span> 
     </span>
     <span class='ocr_line' id='line_1_16' title="bbox 347 2210 1791 2306; baseline 0.017 -38"><span class='ocrx_word' id='word_1_95' title='bbox 347 2210 540 2271; x_wconf 88' lang='lat' dir='ltr'>endas</span> <span class='ocrx_word' id='word_1_96' title='bbox 559 2232 633 2273; x_wconf 82' lang='lat' dir='ltr'>ac</span> <span class='ocrx_word' id='word_1_97' title='bbox 668 2215 996 2292; x_wconf 80' lang='lat' dir='ltr'>tenendaS,</span> <span class='ocrx_word' id='word_1_98' title='bbox 1035 2239 1230 2300; x_wconf 88' lang='lat' dir='ltr'>quam</span> <span class='ocrx_word' id='word_1_99' title='bbox 1265 2221 1464 2306; x_wconf 83' lang='lat' dir='ltr'>diligi,</span> <span class='ocrx_word' id='word_1_100' title='bbox 1501 2243 1617 2290; x_wconf 85' lang='lat' dir='ltr'>nec</span> <span class='ocrx_word' id='word_1_101' title='bbox 1642 2230 1791 2293; x_wconf 81' lang='lat' dir='ltr'>alie-</span> 
     </span>
     <span class='ocr_line' id='line_1_17' title="bbox 346 2326 1789 2418; baseline 0.018 -33"><span class='ocrx_word' id='word_1_102' title='bbox 346 2326 513 2404; x_wconf 85' lang='lat' dir='ltr'>nius,</span> <span class='ocrx_word' id='word_1_103' title='bbox 552 2349 741 2410; x_wconf 86' lang='lat' dir='ltr'>quam</span> <span class='ocrx_word' id='word_1_104' title='bbox 767 2333 996 2395; x_wconf 83' lang='lat' dir='ltr'>timeri.</span> <span class='ocrx_word' id='word_1_105' title='bbox 1049 2339 1366 2418; x_wconf 78' lang='lat' dir='ltr'>praeclare</span> <span class='ocrx_word' id='word_1_106' title='bbox 1396 2344 1567 2406; x_wconf 90' lang='lat' dir='ltr'>enim</span> <span class='ocrx_word' id='word_1_107' title='bbox 1590 2345 1789 2410; x_wconf 83' lang='lat' dir='ltr'>Enni-</span> 
     </span>
     <span class='ocr_line' id='line_1_18' title="bbox 343 2446 1789 2543; baseline 0.017 -42"><span class='ocrx_word' id='word_1_108' title='bbox 343 2458 459 2503; x_wconf 68' lang='lat' dir='ltr'>us:</span> <span class='ocrx_word' id='word_1_109' title='bbox 516 2446 534 2475; x_wconf 89' lang='lat'>‘</span> <span class='ocrx_word' id='word_1_110' title='bbox 582 2466 774 2526; x_wconf 89' lang='lat' dir='ltr'>quern</span> <span class='ocrx_word' id='word_1_111' title='bbox 818 2463 1144 2527; x_wconf 89' lang='lat' dir='ltr'>metuunt,</span> <span class='ocrx_word' id='word_1_112' title='bbox 1204 2454 1481 2519; x_wconf 83' lang='lat' dir='ltr'>oderunt</span> <span class='ocrx_word' id='word_1_113' title='bbox 1509 2480 1529 2533; x_wconf 67' lang='grc' dir='ltr'>ς</span> <span class='ocrx_word' id='word_1_114' title='bbox 1592 2483 1789 2543; x_wconf 84' lang='lat' dir='ltr'>quem</span> 
     </span>
     <span class='ocr_line' id='line_1_19' title="bbox 347 2550 1786 2647; baseline 0.017 -33"><span class='ocrx_word' id='word_1_115' title='bbox 347 2550 368 2586; x_wconf 75' lang='lat'>&#39;‘</span> <span class='ocrx_word' id='word_1_116' title='bbox 405 2553 672 2639; x_wconf 88' lang='lat' dir='ltr'>quisque</span> <span class='ocrx_word' id='word_1_117' title='bbox 696 2559 853 2637; x_wconf 87' lang='lat' dir='ltr'>odit,</span> <span class='ocrx_word' id='word_1_118' title='bbox 868 2560 1088 2642; x_wconf 83' lang='lat' dir='ltr'>periffe</span> <span class='ocrx_word' id='word_1_119' title='bbox 1109 2568 1397 2647; x_wconf 63' lang='lat' dir='ltr'>expetit!</span> <span class='ocrx_word' id='word_1_120' title='bbox 1430 2572 1786 2638; x_wconf 84' lang='lat' dir='ltr'>multorum</span> 
     </span>
     <span class='ocr_line' id='line_1_20' title="bbox 344 2672 1784 2762; baseline 0.013 -30"><span class='ocrx_word' id='word_1_121' title='bbox 344 2688 558 2732; x_wconf 83' lang='lat' dir='ltr'>autem</span> <span class='ocrx_word' id='word_1_122' title='bbox 585 2672 747 2733; x_wconf 88' lang='lat' dir='ltr'>odiis</span> <span class='ocrx_word' id='word_1_123' title='bbox 785 2676 986 2737; x_wconf 86' lang='lat' dir='ltr'>nullas</span> <span class='ocrx_word' id='word_1_124' title='bbox 1022 2699 1174 2761; x_wconf 84' lang='lat' dir='ltr'>opes</span> <span class='ocrx_word' id='word_1_125' title='bbox 1202 2680 1368 2762; x_wconf 74' lang='lat' dir='ltr'>posse</span> <span class='ocrx_word' id='word_1_126' title='bbox 1391 2684 1699 2762; x_wconf 78' lang='lat' dir='ltr'>obsistere,</span> <span class='ocrx_word' id='word_1_127' title='bbox 1736 2691 1784 2751; x_wconf 83' lang='lat' dir='ltr'><strong>fi</strong></span> 
     </span>
     <span class='ocr_line' id='line_1_21' title="bbox 343 2779 1779 2879; baseline 0.017 -38"><span class='ocrx_word' id='word_1_128' title='bbox 343 2794 529 2843; x_wconf 78' lang='lat' dir='ltr'>antea</span> <span class='ocrx_word' id='word_1_129' title='bbox 564 2779 733 2844; x_wconf 84' lang='lat' dir='ltr'>fuit</span> <span class='ocrx_word' id='word_1_130' title='bbox 718 2801 1039 2867; x_wconf 71' lang='lat' dir='ltr'>ngnotum,</span> <span class='ocrx_word' id='word_1_131' title='bbox 1078 2813 1285 2872; x_wconf 80' lang='lat' dir='ltr'>nuper</span> <span class='ocrx_word' id='word_1_132' title='bbox 1312 2794 1398 2855; x_wconf 86' lang='lat' dir='ltr'>est</span> <span class='ocrx_word' id='word_1_133' title='bbox 1427 2801 1779 2879; x_wconf 84' lang='lat' dir='ltr'>cognitum.</span> 
     </span>
     <span class='ocr_line' id='line_1_22' title="bbox 341 2897 1782 3023; baseline 0.016 -66"><span class='ocrx_word' id='word_1_134' title='bbox 341 2916 458 2957; x_wconf 84' lang='lat' dir='ltr'>nec</span> <span class='ocrx_word' id='word_1_135' title='bbox 488 2915 642 2960; x_wconf 70' lang='lat' dir='ltr'>vexo</span> <span class='ocrx_word' id='word_1_136' title='bbox 679 2897 872 2976; x_wconf 85' lang='lat' dir='ltr'>hujus</span> <span class='ocrx_word' id='word_1_137' title='bbox 895 2907 1150 2985; x_wconf 81' lang='lat' dir='ltr'>tyranni</span> <span class='ocrx_word' id='word_1_138' title='bbox 1179 2905 1379 2970; x_wconf 87' lang='lat' dir='ltr'>solum</span> <span class='ocrx_word' id='word_1_139' title='bbox 1410 2906 1631 3023; x_wconf 79' lang='lat' dir='ltr'>(quem</span> <span class='ocrx_word' id='word_1_140' title='bbox 1681 2938 1782 2979; x_wconf 80' lang='lat' dir='ltr'>ar·-</span> 
     </span>
     <span class='ocr_line' id='line_1_23' title="bbox 339 3008 1784 3114; baseline 0.015 -39"><span class='ocrx_word' id='word_1_141' title='bbox 339 3013 458 3076; x_wconf 85' lang='lat' dir='ltr'>mis</span> <span class='ocrx_word' id='word_1_142' title='bbox 519 3008 807 3096; x_wconf 78' lang='lat' dir='ltr'>oppreffa</span> <span class='ocrx_word' id='word_1_143' title='bbox 860 3022 1125 3099; x_wconf 78' lang='lat' dir='ltr'>pertulit</span> <span class='ocrx_word' id='word_1_144' title='bbox 1180 3025 1422 3104; x_wconf 85' lang='lat' dir='ltr'>civitas,</span> <span class='ocrx_word' id='word_1_145' title='bbox 1480 3047 1784 3114; x_wconf 77' lang='lat' dir='ltr'>paretque</span> 
     </span>
     <span class='ocr_line' id='line_1_24' title="bbox 338 3131 1778 3221; baseline 0.017 -34"><span class='ocrx_word' id='word_1_146' title='bbox 338 3148 487 3190; x_wconf 88' lang='lat' dir='ltr'>cum</span> <span class='ocrx_word' id='word_1_147' title='bbox 532 3131 803 3195; x_wconf 82' lang='lat' dir='ltr'>maxime</span> <span class='ocrx_word' id='word_1_148' title='bbox 829 3132 1120 3213; x_wconf 79' lang='lat' dir='ltr'>mortuo)</span> <span class='ocrx_word' id='word_1_149' title='bbox 1157 3140 1451 3209; x_wconf 84' lang='lat' dir='ltr'>interitus</span> <span class='ocrx_word' id='word_1_150' title='bbox 1476 3145 1778 3221; x_wconf 79' lang='lat' dir='ltr'>declarat,</span> 
     </span>
     <span class='ocr_line' id='line_1_25' title="bbox 275 3246 1777 3340; baseline 0.013 -37"><span class='ocrx_word' id='word_1_151' title='bbox 275 3322 279 3326; x_wconf 91' lang='lat'>.</span> <span class='ocrx_word' id='word_1_152' title='bbox 338 3254 655 3319; x_wconf 82' lang='lat' dir='ltr'>quantum</span> <span class='ocrx_word' id='word_1_153' title='bbox 691 3246 915 3311; x_wconf 88' lang='lat' dir='ltr'>odium</span> <span class='ocrx_word' id='word_1_154' title='bbox 950 3247 1293 3317; x_wconf 87' lang='lat' dir='ltr'>hominum</span> <span class='ocrx_word' id='word_1_155' title='bbox 1329 3255 1528 3320; x_wconf 84' lang='lat' dir='ltr'>valeat</span> <span class='ocrx_word' id='word_1_156' title='bbox 1565 3258 1641 3320; x_wconf 82' lang='lat' dir='ltr'>ad</span> <span class='ocrx_word' id='word_1_157' title='bbox 1671 3281 1777 3340; x_wconf 79' lang='lat' dir='ltr'>pe-</span> 
     </span>
    </p>
   </div>
   <div class='ocr_carea' id='block_1_3' title="bbox 1006 3347 1124 3439">
    <p class='ocr_par' dir='ltr' id='par_1_3' title="bbox 1006 3347 1124 3439">
     <span class='ocr_line' id='line_1_26' title="bbox 1006 3347 1124 3439; baseline 0.017 -1"><span class='ocrx_word' id='word_1_158' title='bbox 1006 3347 1124 3439; x_wconf 65' lang='lat' dir='ltr'>&#39;Q</span> 
     </span>
    </p>
   </div>
  </div>
 </body>
</html>
