2499 4196
719 410 1000 458 LIBER
1057 407 1489 461 TERTIUS.
1717 421 1831 471 221

395 531 671 614 praemia
700 530 869 608 sunt,
899 535 985 627 est
1014 530 1210 596 cauffa
1235 537 1555 616 peccandi.
1593 536 1667 601 C.
1692 538 1840 602 Ma-

396 650 554 724 riuS,
589 670 736 710 cum
773 672 805 712 a
842 648 943 732 spe
979 649 1313 712 consulatis
1360 655 1550 738 longe
1586 654 1837 728 abeffet,

396 778 459 824 et
479 762 612 841 jam
643 760 979 845 septimum
1015 785 1255 827 annum
1299 770 1437 849 post
1473 785 1838 852 praeturam

387 877 647 957 jaceret,
692 860 1247 963 neque'petiturus
1274 904 1574 966 umquam
1610 887 1837 952 consu-

394 991 597 1056 latum
632 994 977 1074 videretur,
1010 996 1140 1083 Q.
1164 996 1519 1078 Metellum,
1544 995 1841 1082 cujus‘le-

393 1124 575 1195 gatus
601 1125 760 1188 erat,
784 1109 1104 1175 summum
1127 1115 1330 1176 virum
1353 1130 1415 1178 et
1438 1119 1660 1196 civem,
1690 1143 1838 1184 cum

396 1229 473 1291 ab
496 1248 597 1301 eo,
636 1226 1019 1310 imperatore
1051 1226 1189 1306 suo,
1218 1229 1491 1295 Romam
1515 1233 1724 1297 miffus
1749 1233 1840 1297 es-

396 1341 509 1419 set,
547 1343 716 1425 apud
745 1345 1059 1427 populum
1082 1343 1449 1409 Romanum
1478 1350 1838 1411 criminatus

397 1458 513 1520 est:
547 1458 783 1520 bellum
821 1458 997 1522 illum
1033 1460 1295 1537 ducere;
1337 1462 1382 1524 fi
1418 1463 1476 1526 se
1513 1465 1837 1530 consulem

394 1574 700 1653 feciffent,
752 1578 929 1639 brevi
973 1595 1252 1661 tempore
1303 1594 1407 1643 aut
1459 1584 1675 1646 vivum
1728 1602 1838 1649 aut

395 1706 731 1754 mortuum
748 1691 1133 1773 Jugurtham
1157 1692 1215 1755 se
1239 1696 1303 1755 in
1329 1698 1698 1779 potestatem
1724 1723 1840 1785 po..

395 1810 528 1892 puli
564 1807 841 1868 Romani
875 1808 1300 1871 redafturum.
1377 1813 1590 1894 itaque
1635 1815 1838 1881 faetus

398 1924 488 1986 est
523 1924 624 1983 ine
648 1922 905 2004 quidem
929 1922 1183 1999 consu13
1220 1924 1323 1987 sed
1355 1948 1390 1988 a
1416 1928 1541 1991 fide
1568 1930 1839 2009 justitia-

400 2060 525 2124 que
548 2036 827 2113 disceffit‚
847 2041 957 2122 qui
982 2042 1301 2124 optimum
1326 2059 1387 2106 et
1411 2047 1839 2129 graviffimum

396 2159 623 2231 civem,
661 2156 837 2235 cujus
860 2158 1100 2238 legatus
1124 2175 1184 2220 et
1209 2181 1241 2221 a
1270 2182 1402 2242 quo
1432 2160 1641 2226 miffus
1669 2165 1837 2244 effet,

395 2273 462 2334 in
501 2272 802 2333 invidiam
846 2270 1006 2334 falso
1043 2275 1306 2338 crimine
1341 2278 1703 2344 adduxerit.
1758 2306 1841 2346 ne*

396 2387 612 2450 noster
659 2387 919 2469 quidem
971 2388 1380 2454 Gratidianus
1433 2395 1650 2460 officio
1686 2399 1843 2464 boni.

396 2503 516 2566 viri
552 2501 812 2566 funetusz
862 2505 948 2565 est
984 2520 1149 2582 tum,
1187 2530 1330 2571 cum
1366 2525 1624 2593 praetor
1665 2513 1836 2595 effet,

394 2620 866 2702 collegiumque
922 2637 1292 2702 praetorum
1347 2628 1589 2690 tribuni
1641 2632 1840 2713 plebis

396 2732 841 2810 adhibuiffent,
900 2707 973 2797 ut
1010 2758 1107 2798 res
1156 2744 1512 2807 nummaria
1549 2746 1627 2807 de
1663 2771 1840 2811 com-

395 2849 580 2912 muni
611 2847 915 2912 sententia
939 2855 1461 2920 constitueretur:
1487 2860 1841 2938 jadiabatur

396 2965 569 3026 enim
598 2967 991 3047 temporibus
1019 2969 1136 3030 illis
1174 2993 1473 3035 nummus
1496 2974 1598 3052 sie,
1625 2994 1699 3039 ut
1729 3001 1840 3042 ne·

395 3102 506 3144 mo
544 3078 740 3164 poffet
776 3081 954 3161 scire,
993 3087 1148 3167 quid
1182 3087 1466 3155 haberet.
1521 3092 1841 3180 conscrip«

396 3195 615 3263 serunt
667 3201 1094 3267 communiter
1138 3203 1413 3269 edifitum
1449 3229 1594 3272 cum
1632 3233 1840 3296 poena
