2499 4196
682 392 1458 479 L1BE'R12R1MUS.
1719 426 1791 489 ιφ

349 542 583 627 gritia,
603 542 853 620 inertia,
891 556 995 606 aut
1027 541 1143 605 suis
1170 541 1389 604 studiis
1415 537 1791 622 quibusdam

354 655 954 741 occupationibusve
977 656 1058 717 fic
1082 656 1543 738 impediuntur,
1561 672 1635 716 ut
1659 674 1791 728 εος,

356 791 519 854 quos
545 771 743 833 tutari
767 770 1061 846 debeant,
1098 766 1381 831 desertos
1409 765 1525 828 effe
1551 767 1794 849 patian-

356 900 480 946 tur.
535 884 747 966 itaque
775 884 1120 945 videndum
1145 883 1256 960 est,
1288 902 1364 943 ne
1387 903 1518 943 non
1548 879 1689 941 satis
1717 879 1794 942 fit

353 995 445 1072 id,
462 996 637 1077 quod
660 995 831 1078 apud
845 994 1179 1073 Platonem
1193 995 1279 1082 est
1297 995 1360 1055 in
1379 990 1793 1076 philosophos

357 1114 629 1187 dicturm
666 1114 685 1146 ‘
715 1112 894 1194 quod
916 1113 981 1172 in
1003 1113 1134 1173 veri
1151 1112 1624 1195 investigatione
1648 1131 1791 1172 ver-

356 1227 379 1258 ‘
408 1223 645 1295 femur,
672 1225 976 1308 quodque
1000 1228 1270 1307 ea,‘¹quae
1295 1224 1578 1307 plerique
1601 1224 1792 1284 vehe-

356 1343 378 1375 ‘
406 1355 649 1401 menter
674 1354 1007 1424 expetunt,
1032 1344 1110 1402 de
1139 1341 1369 1422 quibus
1400 1340 1567 1400 inter
1597 1334 1656 1399 se
1694 1337 1790 1398 di-

360 1455 379 1484 ‘
406 1453 668 1536 gladiari
690 1436 917 1529 solent,
932 1467 1351 1516 contemnant
1374 1466 1436 1513 et
1454 1473 1571 1535 pro
1589 1450 1792 1512 nihilo

358 1567 378 1595 ⁸
407 1578 663 1647 putent,
680 1565 1228 1648 proptereajustos
1248 1564 1363 1628 effe
1381 1570 1417 1628 :’
1446 1587 1616 1641 nam,
1635 1565 1793 1627 dum

365 1682 640 1766 alteijum
655 1682 930 1762 justitiae
956 1705 1154 1767 genus
1177 1681 1795 1766 affequuntur,infc-

354 1796 554 1858 renda
582 1817 661 1858 ne
697 1799 798 1858 cui
829 1814 1099 1860 noceant
1135 1798 1388 1878 injuria,
1425 1798 1490 1859 in
1517 1798 1789 1861 alterum

356 1910 685 1984 incidunt3
722 1909 998 1973 discendi
1034 1912 1204 1974 enim
1239 1911 1447 1973 studio
1477 1911 1787 1993 impediti,

358 2046 522 2109 quos
558 2027 725 2089 tueri
754 2026 1045 2103 debeant,
1073 2024 1389 2087 deserunt.
1442 2025 1655 2107 itaque
1684 2045 1793 2088 eos

358 2140 439 2202 ad
461 2141 914 2224 rempublicam
940 2162 1018 2202 ne
1044 2139 1384 2203 acceffuros
1408 2140 1660 2223 quidem
1675 2162 1795 2222 pu—

359 2269 524 2327 tant,
562 2253 675 2316 nifi
710 2237 990 2316 coaelos:
1024 2253 1286 2335 aequius
1321 2265 1532 2314 autem
1558 2264 1692 2313 erat
1727 2252 1795 2314 id

357 2369 689 2454 voluntate
707 2366 876 2442 fici-13
906 2389 1054 2429 nam
1072 2368 1197 2429 hoc
1223 2363 1424 2449 ipsum
1452 2366 1538 2427 ita
1550 2364 1795 2443 justum

359 2484 470 2560 est,
490 2486 666 2567 quod
688 2485 853 2548 redte
877 2485 975 2560 fit,
992 2484 1037 2544 fi
1059 2483 1145 2546 est
1159 2483 1608 2547 voluntarium.
1648 2480 1796 2545 sunt

355 2601 572 2673 etiam,
609 2601 722 2682 qui
750 2612 860 2662 aut
889 2600 1096 2661 studio
1124 2599 1216 2661 rei
1252 2596 1576 2660 familiaris
1610 2613 1797 2661 tuen-

358 2712 497 2786 dae,
523 2726 631 2775 aut
652 2713 804 2775 odio
830 2712 1109 2795 quodam
1134 2712 1498 2781 hominum,
1526 2708 1710 2773 suum
1732 2708 1794 2773 se

360 2824 694 2906 negotium
715 2844 897 2906 agere
922 2823 1156 2897 dicant,
1176 2844 1254 2885 ne
1269 2822 1473 2885 facere
1496 2825 1797 2911 cuiquam

359 2940 697 3003 videantur
730 2939 1056 3019 injuriam:
1091 2940 1203 3022 qui
1235 2940 1436 3001 altero
1462 2938 1798 3018 injustitiae

360 3076 590 3138 genere
617 3069 863 3131 vacant,
895 3056 960 3117 in
989 3057 1260 3117 alterum
1281 3058 1653 3119 incurrunt:
1688 3058 1800 3121 de.-

361 3166 582 3232 serunt
617 3170 787 3233 enim
822 3171 985 3234 vitae
1023 3169 1410 3251 societatem,
1462 3174 1609 3258 quia
1643 3173 1801 3238 nihil

992 3267 1126 3335 C2
