2499 4196
572 350 685 409 130
954 341 1074 390 Dr,
1142 342 1601 390 0121210113

573 461 845 540 [justitia
879 465 1006 528 fine
1042 467 1377 548 prudentia
1412 468 1692 529 multum
1728 465 2006 548 poteritg

566 580 696 646 fine
716 581 957 661 justitia
984 583 1145 645 nihil
1170 584 1399 646 valebit
1427 581 1824 667 prudentia.]
1881 581 2008 644 Sed
2039 600 2098 634 ιο

571 721 651 761 ne
675 702 817 783 quis
839 700 912 762 fit
937 702 1314 777 admiratuS,
1342 723 1481 778 cur,
1505 723 1653 764 cum
1678 703 1846 763 inter
1868 723 2013 763 om-

573 836 684 877 nes
735 814 1152 899 philosophos
1203 818 1466 891 constet,
1517 840 1554 879 a
1600 838 1829 898 meque
1875 813 2017 898 ipso

572 926 744 1010 saepe
780 927 1163 1012 disputatum
1197 931 1299 1007 fit,
1344 934 1456 1014 qui
1490 953 1687 993 unam
1723 932 2011 1005 haberet,

577 1064 801 1107 omnes
845 1045 1076 1108 habere
1113 1047 1417 1123 virtutem
1474 1068 1647 1108 nunc
1691 1046 1776 1108 ita
1811 1043 2021 1124 sejun-

578 1179 747 1242 gam,
772 1159 943 1241 quafi
967 1160 1150 1242 poffit
1175 1158 1532 1243 quisquam,
1562 1161 1672 1243 qui
1698 1182 1831 1222 non
1854 1159 2023 1221 idem

578 1273 864 1354 prudens
890 1273 987 1351 fit,
1014 1274 1214 1352 justus
1244 1273 1396 1337 effe:
1449 1275 1567 1337 alia
1594 1277 1680 1337 est
1708 1275 1834 1349 illa,
1870 1296 2028 1336 cum

580 1389 812 1449 veritas
845 1386 974 1469 ipsa
1006 1389 1270 1451 limatur
1296 1390 1361 1451 in
1390 1388 1845 1472 disputatione,
1878 1387 2024 1452 sub·

583 1500 810 1573 tilitas;
858 1500 999 1575 alia,
1035 1521 1181 1561 cum
1211 1500 1292 1561 ad
1321 1501 1697 1584 opinionem
1732 1522 2027 1564 commu-

584 1633 734 1675 nem
764 1611 971 1675 omnis
997 1612 1525 1675 accommodatur
1540 1614 1772 1676 oratio.
1804 1635 2030 1694 quam-

586 1727 906 1812 obremjut
927 1725 1181 1810 vulgus,
1223 1726 1310 1788 ita
1344 1747 1459 1790 nos
1484 1728 1606 1791 hoc
1636 1730 1784 1791 loco
1819 1728 2033 1810 loqui-

587 1865 757 1914 mur,
775 1858 846 1904 ut
856 1840 1007 1906 alios
1022 1839 1248 1918 fortes„
1262 1842 1415 1906 alios
1440 1845 1645 1907 bonos
1665 1847 1861 1922 virOS,
1877 1847 2033 1906 alios

587 1960 938 2044 prudentes
999 1958 1281 2019 dicamus
1310 1980 1329 2019 t
1389 1960 1805 2041 popularibus
1860 1960 2030 2020 enim

587 2077 796 2139 verbis
830 2075 918 2137 est
953 2074 1274 2158 agendum
1309 2087 1375 2136 et
1416 2073 1687 2153 ufitatis,
1744 2095 1892 2136 cum
1934 2074 2035 2136 lo·

590 2191 852 2271 quimur
885 2187 962 2248 de
989 2187 1292 2270 opinione
1330 2186 1660 2268 populari3
1701 2187 1888 2268 idque
1923 2205 2035 2246 eo-

591 2303 739 2366 dem
762 2302 961 2364 modo
988 2299 1138 2363 fecit
1158 2299 1519 2363 Panaetius.
1556 2298 1662 2361 sed
1687 2301 1766 2362 ad
1794 2320 2035 2383 propo-

590 2418 776 2481 fitum
806 2427 1220 2479 revertamur.
1274 2427 1409 2476 erat
1447 2414 1646 2496 igitur
1678 2434 1757 2475 ex
1810 2413 2031 2485 tribus,

594 2552 758 2613 quae
805 2528 884 2591 ad
912 2526 1173 2609 gloriam
1210 2528 1557 2608 pertinent,
1597 2527 1725 2588 hoc
1756 2526 2037 2603 tertium,

594 2660 673 2712 ut
700 2665 848 2708 cum
875 2642 1292 2706 admiratione
1321 2642 1658 2705 hominum
1686 2645 1936 2705 honore
1961 2644 2039 2705 ab

595 2763 670 2826 iis
697 2760 875 2844 digni
895 2757 1357 2837 judicaremur.
1413 2759 1812 2822 admirantur
1845 2760 2045 2843 igitur

602 2873 1032 2942 communiter
1054 2871 1141 2933 illi
1157 2872 1417 2955 quidem
1434 2875 1670 2946 omnia,
1690 2894 1846 2956 quae
1870 2894 2040 2955 mag·

603 3012 686 3054 na
707 3003 769 3052 et
793 3000 1042 3071 praeter
1069 2986 1429 3070 opinionem
1456 2985 1634 3051 suam
1655 2989 2046 3052 animadver-

604 3117 863 3173 terunt:
914 3099 1247 3186 separatim
1299 3116 1513 3167 autem
1557 3105 1627 3167 in
1665 3103 1949 3190 fingulis,
2000 3102 2048 3164 fi
