2499 4196
688 414 807 475 ¹⁷4
1086 405 1208 456 nn
1266 405 1723 457 ormena

678 531 1084 611 ejusinculta
1108 552 1183 596 ac
1202 529 1448 595 deserta
1468 530 1582 606 fit;
1618 545 1763 594 tum
1782 528 1995 596 nullus
2026 528 2137 604 fei

680 649 894 710 racior
922 648 988 709 in
1020 667 1095 709 ea
1126 647 1308 709 locus
1340 647 1430 710 est
1460 666 1579 709 nec
1617 647 1895 725 uberior,
1928 670 2133 733 quam

677 763 762 825 de
784 762 1034 839 officiis,
1052 784 1088 824 a
1102 763 1336 846 quibus
1352 761 1712 825 constanter
1729 763 2128 848 honesteque

677 877 928 939 vivendi
941 893 1276 962 praecepta
1289 878 1638 943 ducuntur.
1658 900 1883 962 quare,
1895 903 2124 965 quam.-

676 1013 873 1074 quam
905 1016 942 1057 a
975 992 1286 1078 Cratippo
1313 994 1558 1071 nostro,
1608 994 1894 1078 principe
1927 996 2122 1076 hujus

673 1112 1016 1174 memoriae
1035 1109 1593 1196 philosophorum,
1614 1111 1770 1174 haec
1792 1124 1856 1176 te
1883 1112 2121 1179 affidue

676 1227 899 1291 audire
943 1243 1135 1312 atque
1190 1229 1472 1312 accipere
1528 1226 1791 1290 confido
1820 1251 1842 1304 ς
1900 1243 2143 1292 tamen

673 1344 1035 1409 conducere
1093 1346 1395 1422 arbitror,
1453 1343 1689 1406 talibus
1736 1363 1923 1406 aures
1974 1357 2122 1413 tuas

669 1461 936 1553 yocibus
968 1462 1256 1543 undique
1305 1458 1800 1537 circumsonare,
1834 1482 1953 1524 nec
1987 1481 2118 1535 eas,

670 1574 717 1637 fi
767 1576 908 1639 fieri
963 1577 1173 1660 poffit,
1232 1576 1587 1660 quidquam
1637 1575 1809 1640 aliud
1868 1578 2115 1645 audire.

671 1693 877 1774 quod,
915 1715 1063 1756 cum
1099 1694 1397 1757 omnibus
1431 1695 1522 1756 est
1555 1690 1945 1771 faciendum,
1998 1696 2114 1778 qui

668 1808 867 1872 vitam
909 1808 1240 1872 honestam
1293 1809 1542 1893 ingredi
1586 1809 1899 1893 cogitant,
1967 1823 2113 1873 tum

667 1922 848 1986 haud
883 1920 1009 1987 scio
1042 1946 1125 1987 an
1160 1924 1400 1990 nemini
1432 1924 1672 2009 potius,
1727 1945 1925 2006 quam
1957 1925 2111 1994 tibi:

668 2035 931 2103 sustines
949 2038 1122 2107 enim
1144 2062 1281 2105 non
1301 2061 1553 2125 parvam
1576 2037 2112 2125 exspectationem

666 2153 1006 2219 imitandae
1067 2158 1412 2221 industriae
1472 2158 1755 2235 nostrae,
1815 2179 2114 2243 magnam

664 2267 1023 2348 honorum,
1080 2274 1457 2336 nonnullam
1499 2269 1749 2336 fortafl‘e
1805 2274 2110 2342 nominis.

659 2378 975 2467 suscepisti
1023 2406 1189 2450 onus
1235 2404 1554 2473 praeterea
1588 2407 1777 2472 grave
1811 2403 1876 2450 et
1911 2388 2113 2471 Athe,-

665 2518 897 2562 narum
942 2516 1006 2563 et
1040 2500 1369 2587 Cratippi3
1424 2505 1506 2567 ad
1537 2524 1701 2587 quos
1755 2524 1905 2569 cum
1949 2521 2111 2581 tam?

665 2636 860 2699 quam
882 2619 960 2680 ad
989 2636 1413 2685 mercaturam
1437 2623 1753 2686 bonarum
1778 2622 2010 2685 artium
2030 2621 2107 2693 fis

663 2727 1015 2815 profestuS,
1041 2734 1295 2797 inanem
1316 2736 1524 2799 redire
1548 2735 1973 2818 turpiffimum
1995 2735 2105 2815 est,

664 2847 1160 2917 dedecorantem
1207 2862 1273 2913 et
1318 2852 1494 2914 urbis
1547 2853 1994 2917 auctoritatem
2041 2866 2106 2917 et

661 2962 961 3046 magistri.
1026 2984 1223 3045 quare
1278 2980 1594 3048 quantum
1645 2968 1847 3032 coniti
1895 2969 2108 3059 animo

659 3093 869 3190 potes,
898 3094 1215 3164 quantum
1236 3084 1455 3149 labore
1475 3088 1852 3189 contendere
1889 3085 1961 3166 (fi
1982 3087 2107 3159 dis,-

655 3198 842 3281 cendi
885 3197 1062 3265 labor
1094 3200 1183 3268 est
1231 3201 1469 3287 potius,
1525 3223 1719 3288 quam
1750 3204 2102 3299 voluptas),
