2499 4196
715 411 1000 461 LxssER
1060 410 1493 460 TERTHJS.
1718 417 1837 479 219

379 531 751 610 transferat,
783 538 1093 599 detrahet.
1144 538 1272 600 hoc
1309 538 1416 620 qui
1452 533 1826 606 admiratur,

378 646 436 708 is
463 645 546 724 se,
578 650 734 732 quid
763 643 834 711 fit
869 651 966 712 vii·
992 652 1224 727 bonus,
1256 648 1490 712 nescire
1528 645 1825 709 fateatur.

380 780 448 825 at
476 786 632 827 vero
657 766 702 826 fi
732 766 871 846 quis
900 737 1179 831 voluerit
1205 767 1397 829 animi
1435 764 1528 828 sui
1564 758 1832 843 compli-

380 890 588 942 catam
614 882 947 976 notionem
974 873 1334 980 evolvere,
1312 903 1444 961 Jam
1473 878 1529 942 se
1558 874 1683 959 ipse
1712 876 1831 937 do-

385 1010 549 1072 ceat,
588 1017 734 1058 eum
768 987 977 1058 virum
1016 998 1260 1070 bonum
1307 995 1445 1071 effe,
1485 997 1596 1078 qui
1633 990 1830 1075 profit

389 1111 622 1193 quibus
637 1111 856 1202 poffit,
896 1119 1118 1176 noceat
1150 1114 1413 1185 nemini,
1450 1113 1564 1175 nisi
1598 1113 1833 1175 laceffi-

389 1225 763 1305 tusinjuria.
801 1229 958 1310 quid
987 1232 1181 1326 ergo?
1211 1231 1463 1292 hicnon
1490 1244 1704 1302 nocet,
1721 1230 1833 1311 qui

390 1342 675 1424 quodam
710 1343 882 1425 quafi
927 1364 1175 1414 veneno
1221 1344 1494 1428 perficit,
1539 1359 1612 1407 ut
1648 1365 1833 1406 veros

390 1460 652 1521 heredes
679 1472 953 1533 moveat,
984 1459 1048 1519 in
1072 1457 1299 1523 eorum
1322 1460 1536 1524 locum
1554 1456 1678 1540 ipse
1697 1456 1833 1521 suc·

393 1572 613 1636 cedat?
654 1576 671 1604 ‘
697 1595 830 1636 non
866 1569 1057 1656 igitur
1091 1569 1311 1638 facia?
1349 1570 1612 1651 (dixerit
1664 1570 1835 1657 quis)

393 1694 415 1727 ‘
451 1692 630 1773 quod
659 1691 813 1753 utile
841 1690 938 1767 fit,
967 1692 1145 1775 quod
1173 1691 1548 1775 expediat?’'
1586 1693 1716 1753 imo
1741 1694 1840 1754 in·-

393 1807 660 1888 telligat,
686 1806 844 1868 nihil
872 1829 988 1869 nec
1020 1805 1340 1891 expedire,
1366 1830 1482 1871 nec
1510 1809 1668 1870 utile
1697 1807 1841 1887 effe,

395 1925 573 2004 quod
599 1921 670 1984 sit
696 1921 1013 2001 injustum.
1070 1923 1195 1996 hoc
1222 1923 1490 2005 quinon
1520 1922 1840 2000 didicerit,

393 2039 603 2100 bonus
617 2038 714 2100 vir
736 2035 852 2100 effe
882 2059 1013 2101 non
1034 2015 1293 2122 poterit.
1330 2038 1671 2103 Fimbriam
1689 2060 1845 2102 con-

396 2154 667 2218 sularem
702 2156 1035 2218 audiebam
1071 2157 1148 2217 de
1182 2170 1360 2239 patre
1409 2154 1630 2217 nostro
1683 2176 1848 2239 puer

391 2271 671 2353 judicem
695 2270 790 2331 M.
813 2270 1071 2333 Lutatio
1094 2269 1388 2359 Pinthiae
1411 2267 1616 2346 fuiffe,
1640 2272 1846 2353 equiti

395 2386 698 2449 Romano
723 2382 865 2447 sane
889 2386 1182 2462 honesto,
1206 2407 1355 2448 cum
1380 2385 1427 2447 is
1451 2384 1848 2469 sponsionem

398 2500 665 2578 feciffet,
703 2505 721 2532 ‘
749 2503 814 2563 ni
837 2503 934 2563 vir
955 2503 1162 2565 bonus
1189 2500 1335 2563 effet
1356 2506 1396 2562 ε’
1423 2501 1638 2582 itaque
1667 2502 1721 2562 ei
1752 2502 1850 2562 di-

399 2616 548 2681 xisse
585 2617 951 2691 Fimbriam,
1002 2615 1061 2679 se
1109 2617 1281 2679 illam
1316 2637 1452 2679 rem
1489 2637 1849 2698 numquam

393 2732 871 2813 judicaturum3
910 2754 1012 2808 ne,
1048 2747 1152 2796 aut
1177 2731 1469 2816 spoliaret
1499 2730 1671 2794 fama
1698 2754 1850 2815 pro-

402 2849 623 2910 batum
650 2849 998 2925 hominem,
1028 2849 1073 2909 fi
1104 2862 1322 2911 contra
1342 2845 1706 2926 judicaffet3
1744 2862 1851 2910 aut

401 2959 672 3025 statuiffe
695 2962 1044 3039 videretur,
1067 2964 1278 3026 virum
1300 2964 1547 3024 bonum
1572 2964 1851 3042 aliquem

405 3076 546 3149 effe,
584 3100 731 3140 curn
769 3099 839 3140 ea
873 3100 973 3140 res
1010 3077 1576 3141 innumerabilibus
1628 3076 1851 3142 officiis

405 3207 470 3259 et
504 3192 795 3261 laudibus
832 3195 1298 3259 contineretur.
1353 3191 1500 3258 huic
1535 3192 1733 3278 igitur
1759 3195 1850 3258 vi·

1014 3292 1206 3365 Eez
