2499 4196
601 444 916 496 Lux-:R
981 436 1520 500 SECUNDUS.
1697 465 1804 522 125

361 573 492 635 nim
519 573 726 635 videri
757 573 1111 656 quidquam
1147 577 1211 636 in
1240 572 1446 639 socios
1482 575 1806 657 iniquum,

363 708 508 751 cum
544 687 849 750 extitisset
885 690 951 750 in
1001 691 1162 752 cives
1213 705 1387 753 tanta
1437 691 1808 753 crudelitas.

363 822 515 884 ergo
553 801 621 861 in
669 801 779 863 illo
815 799 1025 863 secuta
1053 803 1139 864 est
1170 804 1500 866 honestam
1536 802 1809 865 caussam

362 934 496 975 non
521 915 788 978 honesta
823 915 1120 978 vistoria:
1169 915 1256 978 est
1285 919 1455 980 enim
1490 916 1677 981 ausus
1712 917 1810 979 di-

367 1047 533 1105 cere,
561 1028 735 1089 hasta
763 1028 987 1111 pofita,
1014 1050 1161 1091 cum
1190 1031 1362 1092 bona
1389 1033 1454 1093 in
1483 1031 1635 1095 foro
1659 1053 1812 1097 ven-

367 1144 546 1207 deret
582 1160 646 1207 et
674 1146 999 1208 bonorum
1034 1147 1346 1224 virorum,
1383 1163 1445 1210 et
1476 1148 1811 1231 locupleti-

365 1282 503 1337 um,
540 1275 604 1323 et
636 1276 801 1323 certe
836 1261 1097 1337 civium,
1145 1263 1166 1295 ‘
1203 1263 1502 1344 praedam
1549 1260 1723 1325 suam
1751 1262 1812 1326 se

371 1377 389 1404 ⁸
423 1374 743 1435 vendere)
794 1371 1045 1437 secutus
1082 1375 1193 1451 est,
1232 1377 1344 1457 qui
1374 1377 1437 1438 in
1464 1372 1666 1440 cauffa
1693 1378 1813 1439 im-

372 1488 494 1570 pia,
523 1489 786 1551 vistoria
812 1489 1002 1550 etiam
1027 1486 1343 1566 foediore,
1373 1512 1506 1553 non
1534 1492 1813 1574 fingulo-

373 1625 519 1665 rum
541 1605 775 1667 civium
799 1607 969 1667 bona
1004 1606 1375 1690 publicaret,
1413 1604 1517 1668 sed
1551 1607 1812 1669 univer-

376 1715 465 1780 sas
491 1722 849 1802 provincias
884 1721 1302 1805 regionesque
1330 1742 1466 1784 uno
1499 1722 1815 1785 calamita..

379 1833 455 1894 tis
480 1832 627 1912 jure
666 1836 1256 1919 comprehenderet.
1309 1838 1544 1919 itaque,
1578 1836 1816 1897 vexatis

378 1965 439 2010 et
481 1950 743 2033 perditis
786 1952 1016 2013 exteris
1066 1952 1457 2029 nationibus„
1497 1951 1577 2014 ad
1605 1972 1819 2014 exem-

377 2063 552 2146 plum
582 2065 778 2127 amiffi
812 2066 1062 2152 imperii
1106 2069 1352 2151 portari
1390 2067 1454 2129 in
1492 2067 1818 2151 triumpho

376 2179 708 2245 Maffiliam
736 2187 1048 2261 vidimu33
1085 2203 1146 2248 et
1184 2207 1264 2247 ex
1300 2205 1371 2247 ea
1407 2185 1559 2247 urbe
1590 2186 1820 2247 trium-

378 2296 586 2381 phari,
621 2299 751 2362 fine
775 2319 901 2380 qua
927 2321 1283 2381 numquam
1313 2298 1511 2362 nostri
1547 2300 1819 2381 impera-

380 2426 551 2489 tores
565 2407 1086 2499 exTransalpinis
1109 2416 1287 2478 bellis
1311 2416 1818 2496 triumpharunt.

379 2526 577 2589 multa
612 2544 933 2611 praeterea
966 2545 1534 2592 commemorarem
1579 2525 1822 2603 nefaria

380 2642 444 2702 in
472 2641 699 2716 soci05,
735 2644 782 2704 fi
807 2644 934 2706 hoc
970 2665 1106 2706 uno
1135 2642 1228 2705 sol
1257 2644 1608 2725 quidquam
1633 2639 1819 2703 vidis-

380 2752 469 2816 set
506 2756 852 2841 indigniuS.
898 2754 1039 2835 jure
1076 2756 1274 2839 igitur
1309 2754 1672 2837 plestimur:
1709 2754 1822 2818 nist

382 2872 552 2942 enim
590 2870 943 2935 multorum
987 2871 1301 2953 impunita
1330 2868 1555 2931 scelera
1592 2867 1822 2931 tuliffe·

383 3009 552 3065 mus,
589 3008 946 3069 numquam
974 2986 1052 3050 ad
1077 3007 1283 3048 unum
1313 2998 1486 3048 tanta
1509 2982 1826 3067 perveniss

381 3099 467 3168 set
492 3103 784 3164 licentia:
818 3123 853 3164 a
882 3121 1018 3184 quo
1053 3099 1309 3182 quidem
1357 3099 1450 3161 rei
1502 3097 1828 3172 familiaris

386 3217 462 3302 ad
491 3235 754 3302 paucos„
807 3213 1237 3299 cupiditatum
1287 3212 1367 3274 ad
1418 3211 1655 3278 multos
1711 3210 1832 3296 ima,
