2499 4196
807 479 841 521 2
1211 466 1329 514 DE
1385 464 1836 515 OFFICIIS

804 588 1111 654 orationis
1140 587 1465 653 facultate.
1499 611 1686 673 quam
1716 589 1972 673 quidem
1997 586 2075 649 ad
2105 607 2239 649 rem

800 725 920 767 nos
958 700 1054 779 (ut
1085 703 1401 784 videmur)
1428 724 1727 788 magnum
1766 703 2098 765 attulimus
2132 701 2240 762 ad-

791 815 1163 895 jumentum
1186 816 1548 879 hominibus
1577 816 1827 887 nostris,
1851 830 1924 877 ut
1948 836 2081 877 non
2101 835 2237 876 mo·

804 928 893 990 do
915 927 1307 991 Graecarum
1336 928 1659 991 literarum
1681 929 1895 1003 rudeS‚
1923 924 2026 987 sed
2052 926 2237 987 etiam

797 1041 992 1119 docti,
1030 1045 1428 1127 aliquantum
1468 1041 1527 1105 se
1563 1042 1949 1106 arbitrentur
1973 1040 2235 1122 adeptos

797 1172 862 1222 et
899 1161 978 1222 ad
1014 1161 1356 1225 dicendum
1397 1175 1458 1222 et
1495 1160 1573 1221 ad
1599 1159 2040 1239 judicandum.
2080 1177 2236 1238 qua-

797 1275 1090 1338 mobrem
1117 1273 1311 1339 disces
1347 1292 1417 1338 tu
1450 1274 1708 1358 quidem
1736 1297 1769 1335 a
1798 1274 2080 1355 principe
2112 1274 2234 1335 hu·

786 1384 892 1466 jus
913 1387 1129 1449 aetatis
1147 1384 1704 1471 philosophorum,
1730 1399 1791 1446 et
1811 1381 2000 1446 disces
2015 1405 2236 1464 quam-

794 1498 907 1559 diu
950 1499 1160 1573 voles;
1217 1498 1460 1560 tamdiu
1510 1511 1725 1559 autem
1759 1495 1915 1557 velle
1961 1496 2234 1570 debebis,

796 1615 1011 1697 quoad
1041 1629 1127 1690 te,
1165 1629 1478 1696 quantum
1508 1612 1819 1696 proficiaS,
1849 1632 1980 1674 non
2018 1611 2236 1693 poeni-

792 1726 952 1788 tebit
978 1748 993 1788 :
1029 1722 1133 1788 sed
1170 1739 1380 1789 tamen
1408 1725 1615 1789 nostra
1640 1728 1875 1807 legens,
1912 1747 2044 1788 non
2074 1726 2231 1786 mul·

792 1854 934 1903 tum
970 1861 1005 1902 a
1035 1838 1465 1923 Peripateticis
1500 1840 1871 1914 diffidentia,
1902 1839 2233 1922 (quoniam

789 1955 1052 2037 utrique
1088 1970 1149 2017 et
1189 1953 1498 2017 Socratici
1535 1969 1596 2016 et
1630 1952 1938 2014 Platonici
1972 1951 2088 2014 effe
2121 1973 2235 2014 vo-

789 2061 1055 2144 lumus,)
1086 2068 1164 2130 de
1200 2068 1390 2130 rebus
1424 2067 1562 2151 ipfis
1587 2081 1766 2131 utere
1804 2083 1918 2129 tuo
1944 2066 2187 2146 judicio
2207 2091 2232 2141 ;

789 2184 953 2247 nihil
970 2184 1141 2247 enim
1162 2184 1441 2268 impedio
1466 2208 1479 2247 :
1505 2185 1858 2247 orationem
1882 2201 2092 2248 autem
2109 2184 2235 2247 La-

789 2299 990 2361 tinam
1009 2297 1298 2382 profeEto
1317 2300 1594 2382 legendis
1610 2299 1834 2361 nostris
1851 2299 2081 2361 efficies
2098 2302 2237 2382 ple-

788 2416 1063 2477 niorem.
1116 2436 1230 2477 nec
1258 2435 1409 2476 vero
1435 2416 1559 2476 hoc
1589 2429 1961 2497 arroganter
1988 2413 2237 2476 dictum

788 2530 1131 2592 existimari
1159 2531 1380 2593 veum:
1415 2552 1561 2593 nam
1596 2504 2086 2613 philosophandi
2120 2527 2240 2591 sci-

787 2647 1026 2709 entiam
1053 2648 1403 2710 concedens
1429 2647 1663 2723 multis,
1703 2647 1879 2730 quod
1908 2648 1994 2709 est
2015 2659 2238 2709 orato-

784 2760 874 2824 ris
896 2762 1256 2844 proprium,
1288 2777 1455 2846 apte,
1481 2763 1787 2841 distincte,
1815 2779 2038 2827 ornate
2062 2763 2241 2824 dice-

784 2897 881 2951 re,
944 2877 1248 2959 quoniam
1294 2878 1361 2942 in
1395 2900 1472 2941 eo
1508 2879 1717 2943 studio
1762 2896 2027 2943 aetatem
2072 2900 2241 2942 con-

786 2990 995 3065 sumfi,
1040 2993 1086 3054 fi
1123 2992 1187 3054 id
1222 2996 1381 3058 mihi
1425 2993 1686 3072 affumo,
1731 2997 1950 3061 videor
1983 2996 2049 3057 id
2083 3017 2237 3058 meo

778 3101 926 3183 jure
962 3104 1244 3187 quodam
1279 3107 1471 3170 modo
1506 3106 1852 3170 vindicare.
1912 3108 2238 3192 quamob—

784 3236 925 3280 rem
951 3236 1334 3303 magnopere
1362 3236 1421 3284 te
1455 3220 1707 3299 hortor,
1745 3224 1830 3286 mi
1854 3220 2107 3300 Cicero,
2148 3235 2234 3285 ut
