2499 4196
605 393 890 442 L113ER
951 394 1470 444 SECUNDUS.
1735 406 1839 465 133

389 518 553 593 ratio
584 532 778 601 atque
808 516 1117 581 institutio
1141 520 1305 580 vitae
1333 518 1696 598 adjumenta
1722 520 1843 581 ho·

388 632 643 702 ,minum
666 632 1005 707 defiderat;
1037 634 1101 693 in
1127 631 1493 715 primisque,
1520 647 1595 695 ut
1617 633 1846 694 habeas

389 744 772 827 quibuscum
809 746 991 829 poffis
1021 745 1364 809 familiares
1394 747 1692 811 conferre
1724 746 1847 810 ser-

394 881 652 934 mones;
675 862 851 942 quod
874 861 960 922 est
981 860 1389 936 difficile,nifi
1410 859 1672 945 speciem
1700 882 1847 944 prae

396 989 457 1035 te
481 974 635 1036 boni
663 974 780 1035 viri
804 972 993 1036 feraS.
1034 995 1189 1058 ergo
1212 978 1396 1036 etiam
1418 974 1702 1038 solitario
1727 977 1849 1038 ho,-

399 1088 580 1163 mini,
617 1102 806 1168 atque
837 1088 900 1148 in
930 1108 1083 1170 agro
1120 1087 1318 1148 vitam
1352 1088 1587 1170 agenti,
1627 1087 1848 1169 opinio

390 1200 664 1280 justitiae
690 1199 1021 1263 neceffaria
1044 1202 1158 1264 est:
1182 1223 1390 1283 eoque
1418 1203 1604 1264 etiam
1630 1204 1848 1286 magis,

401 1319 603 1400 quod,
629 1338 769 1379 eam
797 1318 841 1379 fi
871 1339 999 1381 non
1031 1319 1383 1392 habebunt,
1423 1318 1631 1397 injusti
1661 1320 1850 1381 habe-

398 1437 671 1512 buntur,
698 1450 760 1497 et
787 1437 974 1498 nullis
998 1434 1311 1518 praesidiis
1335 1432 1490 1517 septi
1516 1434 1731 1496 multis
1756 1433 1849 1496 af-

399 1547 702 1609 ficientur
725 1548 990 1627 injuriiS.
1026 1563 1218 1630 atque
1243 1548 1315 1608 iis
1340 1548 1551 1621 etiam,
1572 1547 1681 1629 qui
1698 1567 1851 1609 vene-

402 1662 590 1733 dunt,
622 1676 870 1735 emunt,
902 1660 1298 1730 conducunt,
1327 1659 1562 1731 locant,
1592 1672 1852 1723 contra—

402 1773 757 1858 hendisque
784 1776 1055 1859 negotiis
1076 1775 1505 1857 implicantur,
1523 1773 1760 1852 justitia
1774 1773 1855 1845 ad

405 1910 537 1950 rem
572 1890 916 1972 gerendam
947 1885 1279 1950 necessaria
1313 1890 1431 1949 est:
1470 1886 1649 1964 cujus
1677 1899 1855 1961 tanta

405 2001 495 2061 vis
521 2001 631 2071 est,
667 2016 741 2063 ut
773 2022 849 2062 ne
880 2002 969 2062 illi
1001 2001 1282 2082 quidem,
1315 2000 1426 2082 qui
1456 1999 1767 2061 maleficio
1795 2016 1856 2060 et

405 2112 633 2177 scelere
671 2114 1039 2198 pascuntur,
1085 2115 1315 2197 poffint
1346 2116 1472 2176 fine
1507 2085 1646 2177 ulla¹
1666 2114 1854 2197 parti·

407 2229 839 2308 culajustitiae
867 2231 1106 2293 vivere:
1128 2234 1328 2314 (nam,
1345 2231 1455 2312 qui
1479 2251 1698 2291 eorum
1722 2230 1857 2292 cui-

407 2345 600 2430 piam,
638 2346 750 2427 qui
780 2367 903 2408 una
937 2347 1421 2420 latrocinantur,
1459 2343 1718 2406 furatur
1747 2342 1857 2404 ali-

410 2461 566 2542 quid
595 2477 704 2522 aut
727 2462 938 2544 eripit,
959 2460 1003 2521 is
1028 2460 1136 2522 fibi
1163 2481 1240 2521 ne
1270 2461 1333 2520 in
1357 2458 1692 2522 latrocinio
1717 2459 1859 2540 qui-

411 2577 557 2640 dem
585 2579 891 2659 relinquit
920 2573 1189 2652 locum):
1223 2578 1326 2638 ille
1354 2594 1589 2654 autem,
1621 2578 1730 2660 qui
1757 2600 1857 2640 ar·

412 2694 710 2777 chipirata
734 2695 992 2765 dicitur,
1009 2694 1119 2756 nifi
1138 2676 1549 2777 aequabiliter
1565 2697 1860 2777 praedam

413 2809 762 2894 dispertiat,
809 2825 918 2874 aut
965 2812 1385 2875 interficiatur
1420 2835 1455 2874 a
1503 2810 1702 2887 sociis,
1754 2827 1863 2874 aut

413 2930 831 3011 relinquatur.
856 2930 1203 3011 quinetiam
1217 2931 1385 3013 leges
1400 2931 1727 2991 latronum
1744 2926 1862 2991 effe

415 3041 737 3117 dicuntur,
752 3042 980 3123 quibus
1006 3056 1293 3125 pareant,
1317 3063 1473 3125 quas
1497 3040 1865 3106 observent:

415 3159 626 3242 itaque
655 3171 920 3241 propter
948 3156 1341 3241 aequabilem
1371 3157 1636 3240 praedae
1672 3158 1866 3242 partin
