2499 4196
660 419 776 461 220
1098 406 1208 456 DE
1280 407 1689 457 OFFICIIS

655 554 735 594 ro
761 533 957 603 bon0,
986 552 1178 614 quem
1203 533 1481 597 Fimbria
1503 531 1714 609 etiam,
1736 553 1866 596 non
1897 532 2096 596 modo

655 645 946 709 Socrates
984 665 1275 727 noverat,
1309 651 1485 713 nullo
1522 650 1720 713 modo
1746 651 1944 712 videri
1981 672 2100 732 po-

658 762 774 822 test
811 762 1162 844 quidquam
1193 763 1312 826 effe
1346 766 1527 837 utile,
1582 765 1761 846 quod
1808 784 1941 830 non
1977 765 2100 827 ho·-

659 878 904 938 nestum
930 878 1028 942 fit.
1081 879 1303 962 itaque
1320 881 1461 942 talis
1490 880 1588 941 vir
1618 901 1749 946 nou
1772 880 1971 943 modo
2006 877 2103 940 fa·-

660 1012 828 1066 cere,
865 990 968 1053 sed
1004 1016 1082 1056 ne
1117 997 1400 1079 cogitate
1434 994 1695 1076 quidem
1747 993 2104 1076 quidquam

660 1109 944 1186 audebit,
1000 1111 1178 1192 quod
1237 1131 1371 1172 non
1432 1111 1661 1172 audeat
1725 1110 2101 1192 praedicare.

660 1229 817 1289 haec
855 1246 1072 1287 nonne
1115 1226 1204 1288 est
1236 1229 1426 1307 turpe
1482 1224 1793 1296 dubitare,
1818 1221 2105 1306 philoso-

662 1344 848 1426 phos»,
887 1362 1043 1424 quae
1071 1363 1148 1402 ne
1177 1342 1390 1403 rustici
1422 1341 1679 1422 quidem
1707 1338 2036 1418 dubitent?
2072 1362 2106 1402 a

664 1459 895 1542 quibus
932 1473 1154 1520 natum
1183 1458 1271 1520 est
1298 1457 1387 1532 id,
1414 1457 1594 1538 quod
1618 1456 1747 1535 jam
1777 1456 1997 1517 tritum
2020 1455 2109 1517 est

661 1577 970 1638 vetustate
1008 1573 1452 1656 proverbium:
1517 1595 1665 1635 cum
1704 1572 1875 1634 *enim
1911 1571 2107 1633 fidem

660 1692 926 1769 alicujus
979 1691 1459 1772 bonitatemque
1507 1691 1795 1765 laudant,
1839 1690 2109 1772 dignum

663 1808 781 1873 effe
818 1809 1064 1883 dicunt,
1118 1808 1137 1842 ‘
1177 1808 1441 1888 quicum
1495 1808 1840 1869 intenebris
1875 1806 2108 1869 mices?

662 1927 786 1987 hoc
813 1944 1005 2004 quam
1041 1922 1229 1983 habet
1269 1921 1418 1990 vim,
1450 1921 1560 1982 nifi
1591 1922 1973 1997 illam,·nihil
2003 1942 2112 1983 ex-

663 2041 904 2124 pedire,
931 2038 1107 2120 quod
1134 2057 1266 2097 non
1291 2037 1530 2113 deceat,
1555 2036 1813 2097 etiam'fi
1837 2036 1899 2096 id
1925 2036 2109 2123 poffis

665 2156 849 2217 nullo
884 2151 1213 2213 refellente
1241 2151 1570 2213 obtinere?
1609 2150 1859 2214 videsne
1888 2154 2108 2236 igitur,

663 2268 791 2330 hoc
820 2266 1160 2348 proverbio
1198 2287 1401 2348 neque
1443 2266 1609 2351 Gygi
1636 2267 1720 2328 illi
1744 2266 1912 2355 poffe
1938 2268 2115 2330 veni4

666 2406 768 2449 am
807 2384 965 2460 dari,
1011 2404 1216 2464 neque
1256 2358 1431 2461 huic,
1485 2404 1672 2465 quem
1708 2374 1926 2466 paullo
1963 2399 2111 2448 ante

662 2500 979 2583 fingebam
1019 2500 1368 2581 digitorum
1419 2499 1809 2581 percuffione
1860 2502 2112 2563 heredi-

664 2630 826 2679 tates
852 2612 1142 2674 omnium
1171 2611 1337 2694 poffe
1374 2611 1783 2676 convertere?
1819 2631 1891 2675 ut
1914 2615 2107 2688 enim,

666 2728 847 2811 quod
883 2741 1070 2809 turpe
1107 2728 1214 2801 est,
1276 2727 1341 2789 id
1392 2706 1677 2811 quam‘vis
1723 2730 2113 2806 occultetur,

667 2862 885 2909 tamen
919 2843 1257 2906 honestum
1285 2843 1414 2907 fieri
1439 2844 1615 2907 nullo
1645 2847 1843 2909 modo
1870 2848 2106 2929 potest3

665 2964 773 3038 fic,
813 2961 988 3043 quod
1024 2960 1364 3021 honestum
1401 2983 1531 3025 non
1569 2964 1681 3039 est,
1739 2964 1801 3023 id
1838 2964 1994 3026 utile
2039 2982 2113 3028 ut

665 3080 766 3153 fit,
792 3077 956 3138 effici
984 3095 1110 3137 non
1137 3076 1365 3158 potest,
1395 3075 1761 3140 adversante
1790 3093 1851 3140 et
1880 3101 2119 3164 repug-

553 3195 566 3207 ”
668 3205 859 3271 nante
895 3204 1143 3268 natura·
1248 3190 1340 3259 At
1377 3192 1569 3271 enim,
1600 3214 1746 3258 cum
1769 3212 2111 3283 permagna
2134 3212 2201 3253 ιο
