2499 4196
710 383 995 476 Linea
1048 393 1485 479 Teurtus‘.
1699 408 1809 502 183

358 541 456 612 his
467 547 645 613 libris
663 566 996 635 propterea
1010 549 1356 637 sequimur,
1369 537 1575 636 quod,
1589 525 1813 638 quamn·

360 683 556 746 quam
592 679 655 726 et
694 687 729 726 a
763 667 1079 729 veteribus
1117 666 1514 729 Academicis
1545 680 1608 729 et
1635 665 1817 728 aPea·

359 765 709 862 ripateticis
736 778 972 854 vestris,
1007 774 1148 861 (qui
1174 779 1504 861 quondam
1531 779 1725 842 iidem
1749 755 1816 841 σέ·

360 911 529 970 rant,
568 895 680 977 qui
704 889 1123 970 Academici),
1160 914 1323 976 quae
1349 893 1612 964 honesta
1639 892 1815 972 sunt,

360 1021 850 1090 anteponuntur
891 1005 984 1077 iis,
1036 1025 1198 1088 quae
1244 1006 1548 1068 videntur
1594 977 1817 1088 utiliaif

361 1132 579 1182 tamen
604 1114 990 1204 splendidius
1016 1120 1170 1182 haec
1191 1119 1268 1181 ab
1292 1119 1376 1180 eis
1402 1093 1818 1204 differuntur,

361 1236 619 1319 quibuS,
651 1232 968 1316 quidquid
1000 1233 1339 1294 honestum
1361 1232 1472 1309 est,
1503 1211 1671 1295 idem
1693 1210 1822 1316 uti-¹⁸

363 1349 420 1414 le
446 1350 723 1427 videtur,
746 1370 862 1411 nec
890 1348 1043 1410 utile
1071 1349 1451 1431 quidquam,
1482 1349 1661 1432 quod
1686 1323 1822 1412 non

364 1461 734 1537 honestum3
772 1479 965 1545 quam
990 1462 1067 1524 ab
1092 1461 1455 1544 eiS,quibus
1479 1441 1822 1525 honestum

367 1575 610 1659 aliquid
634 1596 766 1638 non
789 1576 964 1651 utile,
987 1589 1098 1638 aut
1118 1576 1276 1638 utile
1302 1596 1434 1638 non
1460 1575 1820 1656 honestum,

368 1694 554 1757 nobis
590 1706 805 1755 autem
855 1693 1066 1755 nostra
1122 1693 1468 1755 Academia
1523 1714 1819 1777 magnam

365 1806 688 1869 licentiam
716 1806 845 1883 dat,
892 1819 992 1880 ut,
1045 1807 1505 1889 quodcumque
1550 1806 1821 1874 maxime

365 1922 694 2004 probabile
728 1931 1049 1995 occurrat,
1105 1918 1169 1980 id
1207 1921 1427 2004 nostro
1462 1923 1607 1998 jure
1643 1920 1824 1982 liceat

311 2049 339 2090 s
370 2030 735 2095 defendere.
794 2033 917 2096 Sed
950 2033 1148 2095 redeo
1182 2034 1263 2095 ad
1301 2032 1675 2096 formulam.
1714 2035 1831 2100 dez·

367 2149 628 2233 trahere
657 2150 855 2231 igitur
882 2146 1123 2230 aliquid
1160 2146 1361 2223 alteri,
1399 2162 1461 2209 et
1497 2147 1825 2214 hominem

367 2258 651 2324 hominis
703 2261 1123 2323 incommodo
1160 2259 1341 2324 suum
1378 2283 1609 2345 augere
1647 2283 1827 2339 come·

368 2374 668 2448 modum,
693 2374 890 2458 magis
917 2374 1004 2435 est
1032 2386 1259 2436 contra
1284 2385 1605 2451 naturam,
1632 2394 1827 2458 quam

369 2474 563 2562 mois,
586 2509 776 2569 quam
803 2502 1164 2571 paupertaS,
1185 2510 1378 2570 quam
1398 2490 1611 2566 dolor,
1636 2511 1827 2572 quam
1910 2500 1917 2507 ‘

370 2615 641 2676 caetera,
681 2624 839 2685 quae
875 2600 1126 2685 poffunt
1154 2616 1264 2665 aut
1295 2605 1556 2686 corpori
1580 2604 1828 2666 accide-

371 2735 465 2788 re,
501 2727 613 2776 aut
642 2715 830 2775 rebus
860 2714 1153 2777 externis,
1193 2736 1338 2779 narn
1367 2716 1677 2798 principio
1704 2716 1830 2779 tol-

373 2829 445 2889 lit
476 2830 837 2893 convicium
868 2831 1222 2891 humanum
1251 2843 1314 2892 et
1350 2827 1747 2906 societatem
1782 2831 1829 2894 fi

373 2942 545 3003 enim
577 2942 655 3003 fic
695 2945 932 3004 erimus
970 2942 1198 3019 affec‘ki,
1243 2956 1320 3004 ut
1359 2959 1616 3029 propter
1642 2940 1829 3006 suum

375 3052 644 3148 quisque
683 3058 1193 3119 emolumentum
1230 3053 1456 3137 spoliet
1491 3074 1597 3119 aut
1631 3058 1830 3122 violet

375 3167 675 3246 alterum,
725 3166 1037 3253 disrumpi
1085 3162 1325 3232 neceffe
1356 3166 1440 3231 est
1477 3188 1639 3248 eam,
1673 3182 1833 3254 quae
