2499 4196
613 408 904 458 mnan
972 410 1490 463 sEcuNnus.
1697 428 1805 488 143

351 545 478 596 tate
513 533 876 617 benignitas
912 537 1197 614 tollitur;
1240 559 1369 620 qua
1397 560 1530 621 quo
1566 540 1630 602 in
1655 541 1801 624 plu-

350 670 449 712 res
475 646 629 732 usus
657 650 757 727 fis,
787 672 864 713 eo
888 654 1096 716 minus
1120 654 1184 716 in
1212 642 1447 718 multos
1469 655 1564 719 uti
1592 656 1795 738 poffis.

354 779 419 828 at
452 767 568 848 qui
595 786 814 848 opera,
852 767 916 828 id
951 768 1061 844 est,
1096 769 1329 831 virtute
1365 783 1426 832 et
1463 770 1794 846 industria,

352 880 621 943 benefici
656 895 720 942 et
755 880 1038 943 liberales
1074 895 1301 957 erunt3
1350 884 1626 965 primum
1664 904 1799 968 quo

355 997 643 1079 pluribus
674 994 1064 1077 profuerint,
1084 1017 1162 1059 eo
1185 997 1396 1079 plures
1424 999 1503 1060 ad
1529 968 1798 1084 benigne

357 1109 719 1173 faciendum
772 1109 1096 1189 adjutores
1150 1111 1473 1175 habebunt
1501 1120 1523 1188 ξ
1581 1114 1804 1176 deiude

360 1222 815 1287 consuetudine
852 1199 1327 1299 beneficientiae
1364 1225 1706 1307 paratiores
1741 1249 1806 1290 e·
1844 1215 1850 1221 ⁶

359 1356 533 1414 runt,
563 1355 624 1400 et
653 1351 974 1420 tamquam
1000 1339 1492 1416 exercitatiores,
1530 1342 1608 1404 ad
1641 1344 1803 1407 bene

363 1456 440 1516 de
462 1454 680 1515 multis
707 1454 1223 1534 promerendum.
1254 1454 1566 1535 praeclare
1585 1457 1652 1518 in
1672 1458 1804 1540 epi-

363 1570 516 1634 stola
545 1570 819 1653 quadam
854 1569 1296 1632 Alexandrum
1326 1570 1527 1633 filium
1560 1570 1804 1655 Philip-

363 1707 480 1768 pus
516 1683 784 1761 accusat,
835 1684 1012 1766 quod
1048 1685 1387 1767 largitione
1422 1686 1807 1748 benevolen-

364 1803 519 1865 tiam
555 1800 990 1864 Macedonum
1026 1799 1453 1864 consectetur:
1490 1805 1507 1833 ‘
1533 1823 1689 1884 quae
1718 1817 1802 1877 te,

367 1917 389 1950 ‘
423 1912 719 1978 malum!’
775 1916 1010 1997 inquit,
1074 1918 1093 1950 ‘
1121 1917 1287 1977 ratio
1324 1918 1389 1977 in
1425 1915 1601 1977 istam
1637 1914 1808 1999 spem

371 2032 392 2065 ⁸
431 2032 709 2108 induxit,
746 2045 819 2093 ut
849 2051 957 2093 eos
986 2030 1102 2091 tibi
1128 2030 1338 2092 fideles
1368 2047 1618 2114 putares
1644 2030 1812 2111 fore,

369 2149 394 2183 ⁸
429 2170 586 2232 quos
609 2150 877 2232 pecunia
901 2145 1315 2231 corrupisses?
1358 2172 1434 2212 an
1466 2163 1536 2211 tu
1562 2151 1624 2211 id
1653 2151 1806 2233 agiS,

369 2269 391 2302 ‘
426 2281 501 2330 ut
538 2267 926 2329 Macedones
961 2287 1091 2328 non
1122 2279 1184 2328 te
1217 2286 1432 2349 regern
1460 2262 1667 2342 suum,
1704 2264 1812 2329 sed

370 2384 389 2413 ⁶
427 2382 781 2445 ministrum
804 2397 865 2443 et
890 2383 1313 2465 praebitorem
1340 2381 1586 2465 sperent
1604 2379 1743 2444 fore
1762 2380 1810 2444 ?’

366 2497 528 2559 bene
584 2499 603 2528 ‘
634 2496 990 2558 ministrum
1038 2512 1099 2557 et
1136 2495 1603 2579 praebitorem,'
1665 2495 1814 2578 quia

371 2610 704 2674 sordidum
732 2611 896 2694 regi:
931 2613 1153 2673 melius
1183 2613 1392 2687 etiam,
1429 2609 1607 2693 quod
1630 2608 1816 2693 largi-

372 2728 620 2790 tionem
647 2730 666 2759 ‘
691 2726 1141 2808 corruptelam’
1175 2725 1293 2789 effe
1315 2727 1512 2800 dixit3
1549 2726 1622 2787 fit
1645 2726 1815 2787 enim

374 2841 679 2916 deterior,
718 2843 828 2924 qui
857 2844 1108 2925 accipit,
1143 2861 1333 2925 atque
1360 2846 1438 2906 ad
1464 2844 1631 2905 idem
1658 2840 1818 2904 sem-

376 2976 489 3039 per
516 2954 1005 3037 exspectandum
1029 2958 1335 3040 paratior.
1370 2958 1492 3021 hoc
1519 2959 1619 3020 ille
1644 2958 1817 3033 filio·,

377 3069 480 3133 sed
506 3088 915 3153 praeceptum
933 3085 1230 3152 putemus
1248 3074 1567 3138 omnibus·
1599 3092 1821 3154 quam·-

380 3189 599 3253 obrem
634 3187 699 3251 id
734 3188 993 3272 quidem
1027 3208 1157 3252 non
1200 3189 1470 3253 dubium
1504 3188 1613 3266 est,
1664 3188 1820 3270 quin
