2499 4196
727 488 803 562 76
1166 493 1283 542 DE
1345 493 1790 542 OFFICxls

731 619 917 680 thcus
943 614 1223 680 Cononis
1247 616 1445 693 filius·,
1476 620 1609 700 qui,
1635 641 1780 680 cum
1801 614 1946 679 belli
1966 615 2159 677 laude

733 753 865 793 non
896 732 1155 793 inferior
1184 730 1411 806 fuiffet,
1456 754 1644 814 quam
1674 748 1867 815 pater,
1909 732 1989 792 ad
2017 753 2159 793 eam

730 846 977 907 laudem
1005 847 1323 908 doctrinae
1349 864 1408 909 et
1435 850 1664 931 ingenii
1691 849 1957 931 gloriam
1985 847 2159 926 adje-

730 961 831 1021 cit.
883 960 955 1021 fit
983 976 1193 1023 autem
1221 963 1565 1035 interdum,
1602 976 1675 1025 ut
1712 962 2027 1036 nonnulli,
2079 984 2156 1024 o·

729 1067 1261 1133 miffaimitatione
1276 1073 1609 1152 majorum,
1632 1071 1811 1136 suurn
1827 1074 2155 1156 quoddam

730 1184 1087 1245 institutum
1123 1182 1617 1266 consequantur:
1661 1186 2056 1265 maximeque
2085 1184 2154 1246 in

732 1320 808 1362 eo
832 1299 1201 1380 plerumque
1228 1297 1545 1359 elaborant
1573 1296 1636 1372 ii,
1663 1297 1770 1377 qui
1795 1316 2018 1377 magna
2041 1295 2156 1357 fibi

729 1426 1095 1495 proponunt
1121 1408 1399 1472 obscuris
1427 1410 1551 1471 orti
1578 1409 1937 1489 majoribus.
1995 1411 2153 1472 haec

729 1528 924 1608 igitur
946 1524 1179 1597 omnia,
1210 1546 1357 1585 cum
1387 1526 1766 1606 quaerimu3‚
1792 1524 1947 1606 quid
1969 1525 2157 1588 dece-

728 1653 816 1713 at,
854 1636 1181 1719 completffi
1216 1636 1427 1699 animo
1456 1651 1516 1698 et
1545 1638 1927 1719 cogitatione
1960 1639 2152 1702 debe·

727 1771 892 1812 muS.
941 1749 1005 1810 in
1029 1748 1243 1832 primis
1269 1765 1481 1812 autem
1505 1748 2011 1814 constituendum
2034 1754 2148 1830 est,

728 1885 889 1947 quos
912 1885 1028 1925 nos
1056 1877 1117 1926 et
1147 1863 1354 1947 quales
1382 1862 1495 1926 effe
1517 1864 1802 1941 velimuS,
1835 1879 1896 1927 et
1921 1867 1983 1927 in
2012 1868 2148 1948 quo

727 1998 952 2060 genere
969 1977 1156 2039 vitae:
1185 1998 1344 2059 quae
1373 1977 1734 2039 deliberatio
1758 1978 1843 2038 est
1859 1976 2149 2063 omnium

727 2092 1112 2156 difficillima.
1187 2093 1444 2154 ineunte
1492 2091 1677 2160 enim,
1709 2072 2146 2168 adolescentia,

727 2230 873 2270 cum
899 2207 985 2269 est
1007 2207 1275 2270 maxima
1304 2185 1682 2278 imbecillitas
1711 2206 1973 2282 confilii,
2005 2203 2146 2269 tum

726 2319 791 2379 id
818 2318 922 2380 fibi
939 2315 1198 2400 quisque
1215 2340 1411 2401 genus
1435 2315 1646 2379 aetatis
1659 2316 1974 2400 degendae
1990 2339 2148 2381 eon-

725 2429 947 2504 stituit‚
971 2430 1145 2511 quod
1168 2430 1439 2490 maxime
1454 2427 1787 2490 adamavit:
1810 2430 2022 2512 itaque
2036 2447 2147 2493 an·-

725 2558 788 2603 te
810 2542 1164 2624 implicatur
1176 2545 1389 2625 aliquo
1402 2554 1577 2604 certo
1590 2561 1819 2625 genere
1832 2541 2144 2627 cursuque

722 2656 997 2731 vivendi,
1026 2676 1214 2738 quam
1229 2656 1460 2738 potuit,
1486 2656 1639 2737 quid
1652 2656 2143 2737 optimumeflet,

716 2765 1020 2846 judicare.
1074 2791 1218 2830 nam
1237 2768 1412 2851 quod
1424 2765 1765 2830 Herculem
1774 2767 2142 2834 Prodicium

723 2880 969 2966 dic-unt,
1008 2894 1081 2943 ut
1117 2882 1203 2944 est
1236 2881 1404 2963 apud
1438 2878 1955 2963 Xenophontem,
1996 2871 2141 2946 eum

698 2992 995 3082 ,primum
1027 2990 1382 3076 pubesceret
1404 2988 1607 3075 (quod
1636 3012 1877 3083 tempus
1900 3015 1934 3056 a
1955 2985 2144 3057 natu'-

714 3123 791 3162 ra
818 3104 894 3163 ad
917 3104 1337 3188 deligendum,
1366 3124 1557 3187 quam
1586 3101 1847 3187 quisque
1868 3099 2033 3169 viam
2054 3103 2144 3170 vi-

722 3215 908 3279 vendi
932 3216 1004 3277 fit
1026 3216 1427 3301 ingrefl‘urus,
1455 3216 1672 3284 datum
1696 3209 1834 3292 est),
1864 3211 2048 3281 αἰῶ
2066 3211 2139 3281 ‘iix
