2499 4196
747 418 823 476 62
1157 413 1795 471 nssorrlcits

748 556 906 619 rare,
931 544 1082 620 labi,
1120 545 1322 628 decipi
1346 559 1471 607 tam
1497 548 1782 625 dedecet,
1816 558 2008 631 quam
2032 536 2186 610 delia

750 676 892 726 rare
908 677 969 725 et
995 674 1205 725 ruente
1226 659 1343 724 efl'e
1368 678 1656 746 captumx
1683 683 1742 726 et
1756 666 1921 744 justa
1945 666 2182 740 omnia,

750 778 978 838 decora
1005 773 1190 850 sunu
1229 775 1450 855 injusta
1479 789 1718 854 eontfa,
1741 793 1812 840 ut
1843 781 2073 862 turpia,
2104 780 2186 840 fic

753 892 1072 954 indecora.
1139 888 1349 953 fimilis
1392 893 1473 954 est
1525 894 1688 957 ratio
1738 893 2181 957 fortitudinis:

749 1007 929 1088 quod
965 1006 1129 1067 enim
1156 1007 1420 1068 viriliter
1446 1010 1785 1091 animoque
1816 1022 2050 1093 magno
2086 1011 2184 1087 fit,

751 1120 814 1181 id
840 1121 1106 1202 dignum
1129 1121 1268 1183 viro
1292 1138 1353 1183 ct
1371 1123 1670 1186 decorum
1690 1127 1974 1202 videtur}
2008 1127 2186 1208 quod

748 1249 997 1310 contra,
1019 1235 1081 1296 id
1111 1251 1182 1297 ut
1211 1255 1418 1319 turpe,
1437 1238 1515 1299 fic
1547 1240 1941 1305 indecorum.
1987 1254 2184 1324 quare

749 1351 1024 1431 pertinet
1070 1351 1327 1430 quidem
1367 1353 1444 1412 ad
1479 1374 1733 1415 omnem
1785 1355 2187 1417 honestatem

746 1462 897 1536 hoc,
924 1461 1099 1543 quod
1127 1464 1288 1537 dicu,
1316 1462 1658 1539 decorum3
1687 1481 1746 1527 et
1776 1466 1857 1527 ita
1883 1469 2185 1549 pertinet,

744 1588 818 1638 ut
856 1590 986 1637 non
1022 1578 1346 1638 recondita
1385 1580 1655 1659 quadam
1691 1562 1939 1642 ratio-ne
1969 1598 2188 1643 cerna*-

748 1703 879 1763 tur,
900 1686 1002 1750 sed
1019 1687 1086 1749 fit
1108 1690 1169 1749 in
1189 1704 1523 1772 promptu:
1564 1692 1648 1753 est
1663 1695 1830 1756 enim
1849 1695 2188 1779 quiddam,

749 1808 941 1889 idque
979 1807 1355 1890 intelligitur
1387 1810 1450 1869 in
1487 1810 1663 1870 omni
1699 1811 1961 1886 virtute,
2004 1811 2186 1891 quod

750 1925 1001 1998 deceat3
1039 1925 1215 2005 quod
1243 1925 1629 2006 cogitatione
1656 1928 1848 2007 magis
1878 1946 1914 1991 a
1948 1928 2184 1989 virtute

750 2038 977 2122 potest,
1009 2056 1200 2120 quam
1236 2058 1304 2098 re
1341 2035 1627 2120 separari·
1686 2054 1758 2102 ut
1796 2041 2084 2102 venustas
2120 2053 2184 2103 et

751 2149 1117 2237 pulcritudo
1147 2154 1434 2234 corporis
1470 2150 1702 2215 secerni
1739 2175 1868 2215 non
1908 2154 2115 2235 potest
2148 2175 2185 2215 a

747 2267 1140 2340 ¹(ualetudinem
1170 2266 1251 2328 fic
1276 2268 1424 2342 hoc,
1447 2265 1522 2326 de
1547 2289 1676 2348 quo
1700 2268 2046 2348 loquimur,
2074 2267 2184 2327 de-

751 2401 975 2447 corum
1014 2395 1224 2444 totum
1262 2381 1419 2443 illud
1455 2382 1711 2462 quidem
1747 2383 1832 2443 est
1873 2393 2019 2443 curn
2061 2384 2182 2442 v‘ir'-

750 2509 889 2562 tute
916 2493 1282 2571 confusum,
1326 2493 1430 2556 sed
1457 2509 1667 2556 mente
1702 2511 1759 2556 et
1793 2497 2183 2577 cogitatione

751 2615 933 2680 distin
942 2613 1179 2696 guitur.
1215 2611 1302 2672 ost
1324 2626 1531 2671 autem
1550 2608 1680 2687 ejus
1702 2605 2036 2691 descriptio
2064 2609 2182 2671 du·

681 2728 689 2735 ’
751 2733 928 2814 plex:
959 2743 1104 2789 nam
1127 2740 1188 2787 et
1214 2723 1500 2808 generale
1531 2722 1854 2803 quoddam
1878 2723 2182 2785 decorum

753 2839 1182 2924 intelligimus,
1202 2839 1378 2920 quod
1407 2838 1468 2900 in
1499 2837 1674 2899 omni
1692 2837 2019 2899 honestate
2043 2848 2183 2899 νει-’-

751 2958 951 3031 satur3
980 2969 1040 3017 et
1071 2953 1237 3015 aliud
1265 2953 1410 3015 huic
1439 2951 1803 3031 subjectum,
1835 2952 2010 3033 quod
2043 2947 2183 3035 pe'r-

751 3072 907 3133 tinet
935 3068 1012 3130 ad
1042 3066 1310 3150 singulas
1347 3080 1552 3147 partes
1580 3062 1945 3126 honestatis,
1994 3075 2183 3147 atqu‘e

745 3183 907 3253 illud
945 3177 1222 3267 superius
1256 3180 1335 3243 fic
1372 3178 1505 3243 fere
1541 3179 1791 3243 definiri
1827 3174 2023 3241 soletz
2075 3179 2185 3244 de-
