2499 4196
672 373 727 471 ᾗ
1032 370 1751 465 PRAEFATLO

673 503 779 562 cris
802 499 950 559 libris
970 500 1165 573 edoffi,
1187 500 1279 581 qui
1300 501 1463 561 tantis
1493 519 1548 559 et
1576 500 1862 580 exemplis,
1882 519 1935 563 et
1952 523 2105 583 prae-

671 606 794 665 miis
824 605 1116 684 provocati.
1147 605 1448 689 doetrinam
1477 605 1859 682 Evangelicam
1887 606 2114 686 profite-.

669 731 813 779 mur,
853 730 953 766 nec
981 708 1325 793 praestamus.
1386 707 1620 793 describe
1658 711 1849 771 nostris
1887 710 2106 790 satrapis

669 813 832 885 talem
862 814 1178 892 principem,
1218 831 1312 873 aut
1339 814 1725 893 magistratum,
1762 815 1979 895 qualem
2005 817 2104 875 de·

667 914 847 975 scribit
870 916 1089 986 Cicer0,
1112 913 1405 996 dispeream
1428 918 1484 981 ni
1506 938 1628 987 cum
1653 915 1743 979 sua
1762 917 2014 996 imagine,
2044 932 2107 977 ut

668 1019 870 1076 delirus
901 1018 1179 1075 ridebitur.
1224 1018 1346 1095 quis
1385 1039 1529 1081 nunc
1571 1018 1981 1098 Rempublicam
2008 1016 2106 1079 nifi

668 1120 755 1200 spe
776 1120 932 1189 lucri,
953 1138 1043 1179 aut
1062 1121 1283 1180 honoris
1302 1121 1473 1199 gratia
1494 1119 1734 1200 capeffit?
1760 1121 1881 1199 quis
1903 1120 2107 1181 nonita

667 1221 827 1300 gerit,
857 1239 918 1279 ut
946 1219 1222 1299 quaestum
1252 1221 1428 1281 facere
1449 1224 1714 1290 videatur,
1737 1240 1792 1281 ut
1814 1220 2019 1283 hostem
2041 1242 2102 1279 a·

667 1306 758 1402 gat
782 1344 988 1391 eorum,
1013 1324 1206 1401 quibus
1229 1306 1486 1389 debuerat
1508 1324 1669 1382 etiam
1692 1324 1831 1383 vitae
1851 1321 1973 1387 suae
1994 1320 2102 1387 dis·

666 1428 864 1508 pendio
893 1424 1200 1485 consulere?
1229 1429 1320 1485 ubi
1350 1429 1580 1507 reperias
1601 1430 1741 1491 inter
1767 1428 2102 1491 Christianos

665 1553 762 1612 par
790 1533 1085 1591 amicorum
1113 1532 1182 1589 ad
1209 1533 1348 1590 hanc
1372 1532 1682 1610 imaginem,
1722 1554 1883 1611 quam
1906 1552 2102 1611 propo-

667 1638 748 1695 nit
778 1636 864 1694 M.
889 1635 1146 1695 Tullius?
1188 1637 1278 1694 ubi
1318 1633 1489 1707 senes,
1520 1639 1611 1717 qui
1639 1655 1750 1697 tam
1779 1637 2006 1699 infrafio
2039 1659 2101 1696 a·

665 1738 815 1798 nimo
843 1735 1016 1795 ferant
1044 1738 1230 1801 aetatis
1259 1739 1638 1801 incommoda?
1665 1742 1754 1803 ubi
1782 1758 1889 1799 tam
1917 1738 2105 1799 saneta

664 1840 849 1899 senum
872 1862 996 1899 cum
1017 1841 1302 1920 juvenibus
1323 1840 1627 1924 colloquia?
1653 1865 1926 1923 nunquam
1949 1860 2100 1907 ante·

665 1947 767 2003 hac
798 1945 966 2023 magis
997 1962 1253 2023 expertus
1281 1943 1394 2005 sum
1425 1967 1611 2005 verum
1645 1944 1767 2016 effe,
1795 1946 1947 2024 quod
1971 1942 2112 2005 scri·¹

662 2050 740 2107 bit
759 2047 1124 2127 AugustinuS,
1146 2070 1215 2110 ex
1236 2050 1576 2110 ethnicorum
1592 2047 1905 2116 benefafiiS‚
1926 2045 2099 2112 acrio-

666 2176 751 2212 res
776 2155 901 2211 addi
932 2152 1172 2212 stimulos
1203 2155 1273 2212 ad
1300 2156 1552 2213 virtutem
1572 2175 1733 2232 quam
1763 2152 2100 2219 nostratium,

665 2280 790 2316 cum
820 2254 954 2315 subit
977 2258 1178 2325 animo,
1208 2278 1370 2336 quam
1392 2273 1544 2335 turpe
1568 2255 1649 2326 fit,
1681 2277 1788 2314 non
1817 2277 1879 2314 ea
1900 2254 2098 2335 perspi·

665 2380 787 2420 cere
817 2363 998 2437 peetus
1034 2357 1380 2442 *Evangelica
1417 2356 1538 2418 luce
1578 2357 1919 2427 illustratum,
1949 2359 2102 2437 quod

662 2462 993 2545 perspeetum
1024 2461 1101 2521 est
1130 2463 1218 2533 iis,
1257 2462 1450 2540 quibus
1479 2460 1590 2520 sola
1616 2479 1834 2524 naturae
1872 2460 2102 2520 scintilla

663 2568 1019 2649 praelucebat.
1060 2587 1171 2654 non
1198 2564 1460 2646 praestare
1488 2585 1610 2634 ηοε,
1655 2565 1749 2642 qui
1777 2562 1871 2624 sub
1899 2564 2099 2622 Christi

663 2669 880 2730 vexillis
923 2668 1215 2729 militamus
1252 2668 1457 2748 pietati,
1504 2666 1599 2746 qui
1630 2665 1948 2744 stipendium
1994 2665 2096 2721 irn-

664 2774 1004 2835 mortalitatis
1046 2776 1112 2832 ab
1139 2776 1331 2832 eodem
1361 2779 1727 2850 expediamuS,
1767 2770 1916 2850 quod
1944 2789 2097 2849 prae-

664 2877 909 2936 stiterunt
935 2875 993 2943 ii,
1024 2876 1119 2952 qui
1146 2874 1281 2932 nihil
1310 2876 1542 2932 hominis
1573 2895 1604 2932 a
1645 2895 1777 2951 rogo
1818 2870 2096 2951 supereffe,

664 2995 760 3039 aut
780 2974 1020 3053 suspicati
1038 2972 1176 3045 sunt,
1203 2995 1293 3035 aut
1312 2975 1464 3054 plane
1484 2977 1845 3035 crediderunt.
1877 2994 1929 3035 et
1951 2973 2095 3055 post·

664 3103 727 3138 ea
756 3101 862 3136 non
892 3076 1080 3138 desunt
1118 3078 1261 3138 crassi
1299 3080 1540 3159 quidam,
1585 3079 1678 3156 qui
1720 3077 1978 3136 studiosos
2029 3077 2096 3135 ab

664 3180 967 3266 hujusmodi
994 3183 1140 3245 libris
1171 3184 1495 3256 deterreant,
1527 3179 1627 3241 'seu
1655 3182 1879 3261 poeticis
1910 3200 1968 3240 ut
1996 3203 2090 3241 vo·
