2499 4196
730 435 1011 495 mn‘ssn
1076 431 1457 496 munus.
1716 443 1794 521 93

353 568 758 635 desiderant:
808 592 968 656 quae
1019 585 1233 634 autem
1275 591 1467 652 parva
1500 571 1798 636 videntur

364 685 481 749 effe
514 686 756 761 delicta,
797 707 1004 768 neque
1031 709 1066 748 a
1099 684 1311 747 m'ultis
1336 686 1603 769 intelligi
1659 681 1802 768 pos-

363 796 535 876 sunt,
571 801 650 862 ab
684 799 757 860 iis
792 799 880 862 est
915 798 1280 881 diligentius
1318 799 1793 864 declinandum.

361 927 439 977 ut
467 915 535 975 in
559 912 791 976 fidibus
816 925 926 978 aut
960 914 1150 989 tibiis,
1190 913 1475 995 quamvis
1509 913 1797 996 paullum

364 1023 746 1109 discrepent,
797 1041 1006 1089 tamen
1061 1027 1127 1089 id
1161 1049 1196 1089 a
1235 1025 1466 1090 sciente
1516 1027 1798 1090 animad-

363 1137 530 1199 verti
560 1132 748 1200 solet:
797 1136 879 1198 fic
924 1136 1267 1200 videndum
1301 1136 1386 1200 est
1422 1139 1485 1198 in
1512 1140 1660 1213 vita,
1712 1157 1794 1200 ne

364 1247 543 1312 forte
583 1248 742 1331 quid
790 1245 1147 1332 discrepet3
1203 1250 1303 1312 vel
1348 1249 1560 1312 multo
1604 1249 1795 1311 etiam

364 1362 586 1444 magis,
643 1382 775 1443 quo
821 1361 1024 1441 major
1071 1376 1135 1425 et
1181 1364 1409 1424 melior
1446 1362 1794 1438 actionum,

281 1498 343 1541 4ι
364 1494 551 1557 quam
577 1472 885 1538 sonorum
912 1489 1256 1538 concentus
1282 1476 1391 1538 est.
1444 1475 1691 1557 Itaque,
1716 1488 1794 1539 ut

363 1589 430 1651 in
468 1588 700 1651 fidibus
743 1587 1125 1652 muficorum
1164 1610 1343 1652 aures
1388 1591 1488 1652 vel
1534 1589 1794 1653 minima

363 1698 668 1773 sentiunt,
720 1700 799 1762 fic
837 1721 975 1775 nos,
1027 1699 1072 1761 fi
1121 1722 1291 1763 acres
1334 1720 1406 1763 ac
1459 1701 1791 1784 diligentes

365 1815 481 1879 effe
531 1818 827 1880 volumus
879 1814 1415 1879 animadversores
1461 1817 1791 1888 vitiorum,

364 1950 591 2016 magna
624 1929 796 2013 saepe
830 1929 1254 2013 intelligemus
1289 1950 1369 1990 ex
1404 1928 1627 2011 parvis.
1711 1948 1795 1991 ex

363 2049 704 2115 oculorum
740 2048 993 2118 obtutu,
1045 2066 1125 2108 ex
1170 2042 1649 2126 superciliorum
1682 2061 1796 2110 aut

362 2165 717 2230 remiffione
741 2176 852 2227 aut
877 2159 1333 2229 contractione.
1362 2180 1441 2222 ex
1463 2159 1794 2239 moestitia,

361 2253 806 2351 ex'hilaritate,
837 2295 915 2337 ex
936 2269 1083 2348 risu,
1113 2292 1192 2334 ex
1217 2272 1566 2341 locutione,
1594 2292 1672 2332 ex
1691 2290 1794 2332 re-

364 2390 645 2466 ticentia,
664 2408 743 2449 ex
766 2387 1178 2451 contentione
1204 2385 1402 2460 νοεῖς,
1430 2403 1510 2445 ex
1534 2379 1793 2445 submis-

363 2504 557 2581 fione‚
590 2522 671 2564 cx
697 2499 956 2563 caeteris
999 2497 1299 2560 fimilibus
1334 2496 1516 2558 facile
1543 2496 1791 2574 judica-

363 2615 591 2691 bimuS,
627 2614 783 2695 quid
812 2630 1036 2676 eorum
1060 2624 1202 2694 apte
1227 2610 1368 2686 fiat,
1403 2611 1558 2692 quid
1587 2612 1663 2673 ab
1689 2610 1793 2674 of-

362 2728 509 2793 ficio
535 2743 878 2809 naturaque
908 2723 1231 2808 discrepet.
1309 2744 1439 2805 quo
1466 2724 1530 2784 in
1561 2744 1791 2808 genere

364 2861 497 2905 non
523 2839 610 2903 est
637 2838 1140 2913 incommodum,
1178 2837 1363 2919 quale
1394 2836 1697 2917 quodque
1727 2858 1793 2898 e-

365 2977 557 3021 orum
579 2954 675 3030 fit,
703 2974 782 3016 ex
804 2953 935 3016 aliis
953 2951 1272 3031 judicare3
1307 2962 1408 3037 ut,
1435 2949 1478 3010 fi
1505 2950 1660 3031 quid
1684 2950 1793 3014 de-

366 3072 580 3134 deceat
613 3070 680 3132 in
714 3070 858 3145 illis,
893 3069 1162 3130 vitemus
1197 3080 1259 3128 et
1296 3064 1444 3148 ipfi:
1496 3064 1567 3126 fit
1593 3065 1788 3144 enim,

365 3184 573 3254 nescio
602 3186 952 3272 quomodo,
986 3197 1061 3250 ut
1089 3182 1284 3267 magis
1319 3183 1387 3246 in
1413 3179 1544 3245 aliis
1574 3200 1790 3246 cerna-
