2499 4196
676 497 784 541 122
1065 490 1709 542 DEOFFlclls

676 613 864 675 stem:
913 610 1016 676 sed
1053 618 1456 701 reliquorum
1505 619 1733 680 ssmiles
1770 618 1979 680 exitus
2018 631 2129 701 ty-

674 746 1033 787 rannorum
1058 751 1079 802 3
1117 749 1400 810 quorum
1424 732 1599 792 haud
1623 730 1756 794 fere
1785 729 2131 814 quisquam

675 839 865 900 talem
900 840 1233 906 interitum
1271 846 1534 928 effugit:
1591 847 1793 909 malus
1822 848 1993 908 enim
2029 844 2126 905 est

675 951 884 1013 custos
903 953 1339 1019 diuturnitatis
1368 976 1611 1033 metus;
1639 974 1989 1041 contraque
2010 958 2129 1017 be-r

677 1064 1040 1126 nevolentia
1090 1066 1291 1128 fidelis
1337 1067 1436 1127 vel
1472 1069 1551 1128 ad
1601 1069 2131 1149 perpetuitatem.·

672 1176 776 1240 sed
806 1180 903 1256 iis,
941 1180 1051 1262 qui
1075 1180 1136 1242 vi
1160 1179 1482 1264 oppreffos
1505 1182 1774 1263 imperio
1799 1196 2120 1252 coercent,

675 1296 752 1358 fit
776 1295 918 1360 sane
942 1299 1302 1360 adhibenda
1325 1295 1609 1373 saevitia3
1647 1319 1719 1360 ut
1741 1300 1911 1361 heris
1937 1299 2001 1359 in
2025 1297 2123 1360 fa-

674 1410 910 1487 mulos,
945 1411 991 1472 fi
1019 1412 1202 1474 aliter
1235 1411 1438 1473 teneri
1486 1432 1622 1474 non
1658 1411 1946 1495 poffunt:
2003 1412 2119 1494 qui

672 1542 828 1584 vero
858 1522 924 1584 in
951 1524 1147 1585 libera
1175 1523 1430 1585 civitate
1456 1522 1545 1585 ita
1569 1522 1629 1587 se
1655 1525 2002 1596 instruunt,
2036 1538 2116 1586 ut

675 1650 1075 1711 metuantur,
1111 1634 1210 1696 his
1240 1635 1402 1696 nihil
1429 1633 1546 1696 effe
1575 1637 1780 1718 potest
1801 1637 2117 1698 dementi-

671 1771 783 1814 us:
818 1751 1099 1834 quamvis
1124 1750 1296 1813 enim
1318 1748 1639 1812 demersae
1667 1751 1789 1813 fint
1813 1752 1981 1833 leges
2004 1751 2117 1813 ali-

673 1869 849 1950 cujus
876 1859 1130 1952 opibu5‚
1159 1869 1448 1951 quamvis
1477 1866 1793 1930 timefasta
1818 1868 2111 1938 libertas3

672 1996 1009 2067 emergunt
1032 1998 1244 2045 tamen
1268 1983 1422 2043 haec
1446 1981 1792 2062 aliquando
1815 1993 1926 2041 aut
1942 1978 2117 2057 judi-

673 2100 783 2163 ciis
812 2100 1040 2176 tacitis,
1076 2115 1188 2162 aut
1216 2098 1485 2161 occultis
1508 2096 1586 2158 de
1616 2098 1869 2159 honore
1893 2092 2119 2159 suffra-

671 2212 810 2296 giis.
863 2212 1133 2274 acriores
1184 2224 1401 2273 autem
1436 2206 1685 2271 morsus
1724 2205 1871 2270 sunt
1919 2207 2112 2269 inter-

673 2324 882 2390 miffae
910 2325 1244 2402 libertatiS,
1280 2346 1472 2408 quam
1499 2338 1805 2386 retentae.
1859 2323 2037 2405 quod
2062 2323 2114 2382 i-

673 2443 850 2525 gitur
889 2440 1174 2503 latiffime
1202 2453 1401 2523 patet,
1438 2461 1646 2523 neque
1671 2440 1751 2502 ad
1780 2440 2119 2502 incolumi-

671 2570 870 2620 tatem
893 2554 1123 2631 solum,
1157 2553 1263 2617 sed
1288 2556 1478 2617 ctiam
1501 2555 1579 2617 ad
1607 2575 1759 2637 opes
1787 2570 1851 2617 et
1881 2569 2109 2637 poten-

670 2672 827 2733 tiam
852 2670 1015 2731 valet
1041 2670 1411 2751 plurimum,
1441 2670 1506 2730 id
1533 2671 2010 2753 amplectamur,
2034 2687 2117 2734 ut

670 2798 878 2852 metus
908 2781 1085 2858 abfit,
1122 2782 1348 2844 caritas
1398 2783 1750 2846 retineatur
1763 2808 1783 2859 ς
1823 2785 1907 2847 ita
1935 2783 2111 2847 facil-

668 2901 843 2979 lime,
878 2920 1041 2983 quae
1075 2900 1390 2973 volemus,
1428 2915 1493 2962 et
1526 2899 1787 2983 privatis
1823 2900 1887 2962 in
1921 2903 2113 2964 rebus

671 3032 736 3083 et
765 3020 831 3081 in
852 3016 1170 3100 republica
1197 3013 1687 3099 consequemur.
1723 3017 1983 3092 etenim,
2000 3018 2109 3101 qui

670 3133 731 3198 se
756 3134 956 3197 metui
976 3133 1219 3208 volent,
1249 3151 1286 3192 a
1307 3131 1538 3213 quibus
1560 3143 1956 3207 metuentur‚
1979 3127 2111 3193 eos-

672 3251 819 3318 dem
853 3262 1141 3316 metuant
1172 3246 1285 3332 ipfi
1319 3244 1555 3312 neceffe
1587 3247 1696 3312 est.
1749 3246 1908 3330 quid
1939 3247 2118 3310 enim.
