2499 4196
657 448 738 522 78
1051 453 1169 502 nn
1235 455 1686 506 OFFlclls

661 591 922 662 guntur,
957 597 1039 639 ex
1062 599 1138 642 eo
1174 579 1393 654 mode,
1443 603 1575 664 quo
1612 577 1873 664 quisque
1900 593 2090 644 natus

657 691 770 761 est,
799 695 896 773 (ut
925 688 1110 773 supra
1122 691 1361 753 dietum
1379 687 1518 769 est),
1543 694 1696 774 quid
1720 693 1957 767 deceat,
1981 713 2092 753 ex-

661 802 1010 884 quirimus;
1059 820 1197 865 tum
1232 805 1297 865 in
1333 819 1471 868 tota
1504 807 1632 867 vita
1662 806 2095 869 constituenda

662 920 872 981 multo
918 919 1005 980 est
1050 918 1253 996 major
1284 922 1374 981 rei
1408 941 1556 982 cura
1589 920 1961 995 adhibenda,
2012 935 2091 984 ut

658 1030 943 1091 constare
966 1030 1033 1091 in
1050 1030 1211 1090 vitae
1233 1031 1647 1112 perpetuitate
1665 1031 1960 1112 poffimus
1975 1051 2093 1092 no-

659 1143 882 1207 bismet
908 1143 1040 1228 ipsi,
1078 1165 1191 1207 nec
1216 1146 1281 1206 in
1308 1145 1443 1206 ullo
1465 1143 1683 1207 officio
1717 1144 2090 1206 claudicare.

657 1260 742 1321 ad
762 1259 926 1320 hanc
961 1273 1174 1320 autem
1206 1258 1520 1319 rationem
1557 1258 1855 1338 quoniam
1893 1255 2096 1317 maxi-

661 1395 829 1435 mam
863 1373 990 1434 vim
1026 1388 1255 1434 natura
1289 1373 1501 1447 habet,
1553 1369 1819 1432 fortuna
1869 1371 2091 1452 proxi-

657 1508 851 1560 mam,
872 1484 1203 1566 utriusque
1226 1486 1492 1548 omnino
1509 1484 1671 1547 ratio
1696 1484 1982 1546 habenda
1994 1485 2090 1546 est

661 1599 728 1659 in
746 1598 1079 1680 deligendo
1094 1618 1320 1679 genere
1341 1598 1531 1671 vitae3
1558 1595 1661 1658 sed
1678 1611 1935 1659 naturae
1958 1618 2095 1659 rna-

665 1712 789 1793 gis:
823 1713 1032 1774 multo
1057 1711 1225 1772 enim
1253 1724 1317 1773 et
1345 1710 1591 1771 firmior
1614 1711 1700 1771 est
1722 1725 1782 1771 et
1806 1710 2096 1772 constan-

666 1823 830 1899 tim-3
863 1838 936 1886 ut
960 1822 1222 1886 fortuna
1244 1843 1747 1904 nonnumquam,
1773 1837 2095 1904 tamquam

663 1934 790 2018 ipsa
811 1939 1118 2012 mortalis,
1148 1959 1297 1999 cum
1320 1938 1660 1999 immortali
1682 1951 1908 2000 natura
1934 1958 2095 2022 pug-

663 2065 815 2116 nare
835 2053 1147 2116 videatur.
1198 2053 1309 2135 qui
1335 2052 1529 2135 igitur
1563 2050 1640 2112 ad
1665 2067 1924 2132 naturae
1949 2048 2092 2114 suae

663 2190 800 2232 non
822 2167 1095 2245 vitiosae,
1117 2190 1308 2252 genus
1331 2168 1659 2230 confilium
1682 2167 1932 2229 vivendi
1951 2189 2095 2230 om-

661 2307 741 2347 ne
768 2284 1135 2354 contulerit,
1161 2285 1210 2361 is
1233 2283 1644 2345 constantiam
1672 2296 1879 2343 teneat
1907 2283 1997 2364 (id
2026 2303 2094 2344 e-

660 2404 795 2464 nim
822 2400 1091 2462 maxime
1119 2393 1347 2471 decet),
1378 2398 1489 2459 nifi
1515 2396 1688 2460 forte
1717 2395 1775 2458 se
1806 2396 2093 2458 intellex-

659 2520 782 2581 erit
834 2513 1055 2579 errasse
1110 2515 1175 2575 in
1228 2515 1564 2595 deligendo
1621 2534 1848 2596 genere
1903 2513 2090 2573 vitae.

662 2632 841 2712 quod
864 2630 908 2690 fi
928 2627 1224 2701 acciderit
1253 2628 1482 2710 (potest
1510 2644 1720 2691 autem
1755 2626 2088 2706 accidere),

659 2744 948 2807 facienda
980 2762 1231 2803 morum
1275 2743 1834 2824 institutorumque
1882 2753 2092 2802 muta-

663 2858 755 2919 tio
777 2855 884 2916 est.
934 2876 1069 2915 eam
1094 2856 1513 2918 mutationem
1535 2855 1578 2916 fi
1606 2870 1892 2937 tempora
1916 2851 2095 2931 adju-

664 2966 925 3040 vabunt,
955 2961 1198 3027 facilius
1225 2965 1738 3049 commodiusque
1770 2964 2087 3028 faciemus:

662 3078 752 3138 sm
789 3080 1022 3150 minus,
1059 3076 1275 3141 sensim
1310 3082 1432 3142 erit
1461 3070 1970 3164 pedetentimque
2000 3077 2093 3139 fa-

666 3191 884 3255 cienda
903 3215 924 3267 3
942 3206 1014 3256 ut
1038 3193 1359 3272 amicitiae,
1384 3213 1546 3281 quae
1564 3194 1771 3258 mitius
1788 3192 2094 3257 delcetent
