2499 4196
587 385 697 459 138
983 388 1103 439 ΒΕ
1164 391 1621 440 orftcns

586 529 699 575 tua
742 513 875 576 laus
916 515 1153 597 pariter
1198 514 1348 582 cum
1396 518 1718 600 republica
1768 511 2033 580 cecidit:

588 630 750 691 mihi
784 645 999 692 autem
1033 631 1186 692 haec
1222 632 1433 694 oratio
1470 630 1747 714 suscepta
1776 639 1915 694 'non
1949 633 2041 693 de

587 760 650 807 te
678 749 789 822 est,
818 745 920 807 sed
947 747 1025 807 de
1054 767 1282 828 genere
1310 764 1480 810 toto:
1510 749 1922 830 quamobrem
1950 747 2037 808 ad

589 883 686 936 ea,
731 885 891 946 quae
926 865 1178 942 restant,
1215 887 1572 949 pergamus.
1620 880 1696 928 ut
1734 865 1931 948 igitur
1964 865 2043 924 in-

587 979 851 1061 reliquis
892 982 1081 1043 rebus
1129 983 1336 1043 multo
1372 979 1621 1059 majora
1648 978 1798 1043 sunt
1842 999 2037 1062 opera

588 1096 809 1170 animi,
852 1119 1044 1179 quam
1071 1099 1397 1180 corpori33
1446 1097 1528 1160 fic
1555 1098 1672 1159 hae
1709 1118 1838 1170 res,
1879 1117 2045 1178 quas·

590 1208 1029 1294 persequimur
1055 1212 1308 1294 ingenio
1337 1232 1407 1273 ac
1434 1212 1702 1286 ratione,
1738 1211 2037 1292 gratiores

591 1325 767 1402 sunt,
798 1347 987 1410 quam
1015 1328 1177 1404 illae,
1215 1350 1371 1410 quas
1398 1328 1660 1389 viribus.
1697 1328 1902 1408 prima
1923 1326 2041 1409 igi-

593 1453 707 1502 tur
727 1441 1197 1502 commendatio
1214 1438 1637 1522 proficiscitur
1655 1462 1690 1500 a
1714 1438 2036 1515 modestia,

595 1568 738 1618 tum
766 1557 999 1638 pietate
1025 1557 1091 1616 in
1121 1573 1435 1638 parentes,
1468 1572 1609 1619 tum
1647 1556 1713 1616 in
1748 1553 1894 1617 suos
1928 1556 2041 1615 be-

595 1673 976 1735 nevolentia.
1005 1671 1301 1735 facillime
1319 1690 1529 1737 autem
1555 1688 1618 1735 et
1651 1674 1712 1734 in
1735 1671 2051 1756 optimam*

567 1766 572 1771 .
594 1800 845 1872 partem
867 1786 1339 1871 cognoscuntur
1365 1786 1817 1864 adolescentes,
1848 1783 2045 1869 quise

598 1902 681 1965 ad
699 1904 902 1966 claros
921 1917 982 1966 et
998 1902 1299 1986 sapientes
1317 1904 1511 1979 viros,
1527 1904 1695 1965 bene·
1711 1900 2048 1964 consulen-

599 2032 698 2082 tes
731 2019 1134 2103 reipublicae,
1171 2021 1627 2093 contulerunt32
1663 2014 2044 2100 quibuscum

507 2202 508 2205 ,
598 2135 650 2198 fi
676 2134 1044 2219 frequentes
1066 2135 1208 2212 sint,
1237 2136 1609 2218 opinionem
1631 2133 1909 2195 afferunt
1933 2150 2051 2214 po·

600 2253 785 2337 pulo,
820 2273 1049 2316 eorum
1071 2253 1215 2315 fore
1239 2250 1300 2314 se
1329 2251 1579 2326 similes,
1609 2271 1772 2333 quos
1801 2247 1912 2311 fibi
1940 2246 2052 2329 ipfi

603 2370 950 2453 delegerint
978 2372 1054 2433 ad
1091 2371 1495 2432 imitandum.
1532 2366 1606 2430 P.
1632 2365 1863 2429 Rutilii
1897 2364 2054 2426 ado·-

601 2484 990 2564 lescentiam,
1031 2487 1110 2549 ad
1146 2487 1520 2570 opinionem
1555 2499 1616 2545 et
1650 2481 2071 2545 innocentiae·

605 2612 672 2663 et
692 2599 856 2680 juris
883 2601 1199 2678 scientiae,
1235 2601 1312 2666 P.
1350 2600 1549 2664 Mutii
1584 2599 2053 2663 commendavit

608 2716 873 2780 do'mus:
894 2739 1039 2779 nam
1064 2718 1137 2781 L.
1158 2719 1418 2801 quidem
1441 2716 1711 2788 Crafl‘us‚
1736 2738 1884 2778 cum
1908 2712 2063 2778 esset

607 2828 962 2893 admodum
985 2830 1368 2910 adolescenS,
1396 2855 1528 2896 non
1556 2833 1810 2896 aliunde
1839 2844 2061 2911 mutu·-

463 3025 470 3032 ·
545 3036 550 3041 .
608 2958 751 3008 atus
770 2943 997 3022 est‚sed
1016 2946 1125 3009 fibi
1149 2946 1272 3028 ipse
1299 2949 1542 3030 peperit
1568 2947 1903 3010 maximam
1925 2946 2060 3007 lau-

608 3058 755 3119 dem
779 3077 858 3119 ex
888 3059 989 3122 ina
1013 3059 1411 3152 accusatione
1442 3064 1641 3125 nobui
1667 3077 1728 3124 et
1762 3046 2098 3145 gloriosa,

619 3183 706 3251 et,
734 3191 856 3257 qua
878 3187 1075 3240 aetate
1106 3176 1653 3258 quiexercentuss
1682 3176 1867 3267 laude
1898 3175 2070 3239 affici
