2499 4196
698 438 1480 501 LlnERPR1Mu's.
1733 460 1809 521 :2r

372 594 445 641 re
469 575 848 659 depositum,
876 574 1243 659 promissum
1273 573 1505 649 facere,
1531 593 1819 654 quaeque

383 688 705 768 pertinent
729 688 808 748 ad
833 688 1163 750 veritatem
1187 700 1249 747 et
1273 685 1351 749 ad
1374 684 1591 756 fidem,
1610 703 1684 743 ea
1703 682 1823 743 mi-

383 822 565 883 grare
585 801 923 873 interdum,
939 814 1001 861 et
1027 820 1158 860 non
1175 795 1437 873 servare,
1453 797 1526 858 fit
1542 796 1819 874 justum:

381 912 609 976 referri
645 915 814 974 enim
850 914 1028 975 decet
1078 914 1155 975 ad
1193 933 1286 984 ea,
1343 933 1503 994 quae
1540 906 1720 992 posui
1757 909 1823 970 in

384 1028 724 1111 principio,
750 1024 1164 1089 fundamenta
1182 1024 1491 1103 justitiae3
1518 1025 1822 1105 primum,

386 1152 458 1198 ut
494 1158 572 1198 nc
601 1139 702 1198 cui
730 1153 1069 1210 noceatur3
1103 1134 1355 1208 deinde,
1390 1147 1466 1194 ut
1495 1133 1824 1194 communi

382 1252 647 1315 utilitati
681 1249 1008 1328 serviatur.
1058 1270 1129 1310 ea
1157 1269 1304 1309 curn
1331 1261 1619 1328 tempore
1649 1265 1823 1306 com-

384 1382 747 1440 mutantur,
784 1378 1220 1426 commutatur
1255 1360 1565 1435 officium,
1595 1376 1655 1419 et
1691 1379 1825 1419 non

386 1477 630 1560 semper
682 1474 767 1538 est
817 1477 1019 1538 idern:
1078 1474 1282 1557 potest
1329 1473 1510 1533 enim.
1545 1470 1826 1531 accidere

386 1588 758 1676 prorniffum
796 1587 1055 1670 aliquod
1092 1600 1155 1648 et
1203 1566 1620 1658 conventum,
1656 1595 1726 1642 ut
1760 1580 1828 1641 id

385 1704 550 1767 effici
577 1701 648 1763 sit
684 1701 909 1762 inutile
946 1700 1043 1760 vel
1076 1699 1156 1774 ei,
1195 1697 1298 1759 cui
1335 1693 1702 1779 promifl'um
1726 1690 1827 1767 fit,

387 1821 488 1880 vel
522 1820 603 1893 ei,
641 1817 752 1896 qui
792 1809 1192 1895 promiseritz
1241 1831 1389 1870 nam
1425 1807 1470 1868 fi
1498 1802 1597 1879 (ut
1633 1806 1697 1866 in
1733 1802 1827 1865 fa·

387 1929 552 1989 bulis
596 1924 709 1999 est)
760 1923 1130 2006 Neptunus»,
1175 1921 1353 2002 quod
1395 1914 1641 1978 Theseo
1679 1935 1832 1995 pro-

389 2041 663 2114 miserat,
712 2046 860 2102 not'r
881 2033 1141 2107 feciffet,
1177 2029 1462 2094 Theseus
1498 2029 1632 2091 filio
1668 2026 1832 2111 Hip-

392 2163 612 2244 polyto
640 2177 772 2217 non
809 2150 954 2213 effet
983 2151 1275 2212 orbatus,
1310 2168 1390 2208 ex
1423 2145 1624 2206 tubus
1660 2144 1830 2204 enim

393 2274 626 2359 optatis
675 2273 774 2353 (ut
822 2259 1136 2337 scribitur)
1189 2265 1313 2324 hoc
1360 2271 1494 2321 eiat
1542 2259 1826 2333 tertium,

394 2386 571 2471 quod
588 2384 662 2444 de
675 2380 1010 2463 Hippolyti
1035 2377 1301 2438 interitu
1325 2376 1522 2435 iratus
1549 2375 1825 2454 optavit·
1810 2416 1829 2447 ‚

395 2522 527 2582 quo
551 2501 912 2577 impetratu,
943 2493 1005 2551 in
1029 2491 1341 2551 maximos
1364 2486 1567 2547 luctus
1589 2486 1830 2546 incidit.

394 2635 508 2675 nec
537 2606 865 2694 promissa
853 2606 1047 2687 igitur
1072 2601 1372 2664 servanda
1396 2597 1535 2660 sunt
1560 2620 1652 2670 ea,
1671 2620 1831 2679 quae

392 2727 553 2825 fint
540 2727 635 2799 iis,
660 2722 889 2803 quibus
917 2715 1297 2799 promiseris,
1314 2713 1592 2784 inutilia;
1624 2734 1761 2787 nec,
1787 2712 1832 2772 fi

394 2811 536 2924 plus
573 2838 686 2900 tibi
724 2845 1019 2904 noceant,
1056 2851 1247 2910 quam
1286 2828 1374 2887 illi
1410 2824 1677 2906 prosint,
1728 2827 1831 2887 cui

396 2950 780 3039 promiseriS,
804 2960 1028 3008 contra
1053 2943 1350 3006 officium·
1361 2939 1470 3011 est,
1499 2936 1699 3015 majus
1723 2961 1832 3000 an-

401 3069 619 3153 teponi
656 3062 921 3127 minori:
955 3075 1053 3134 ut,
1090 3060 1136 3119 fi
1171 3052 1569 3119 constitueris
1606 3069 1665 3114 te
1702 3056 1832 3115 cui-

398 3183 564 3274 piam
603 3181 977 3243 advocatum
1011 3174 1076 3236 in
1112 3194 1247 3235 rem
1292 3165 1680 3254 praesentem
1718 3168 1833 3244 effe
