2499 4196
703 421 778 468 ιο
1097 403 1218 453 nn
1275 402 1737 451 0121210115

697 528 963 593 ceffariis
987 529 1258 613 negotiis
1281 526 1575 612 curisque
1595 528 1799 600 vacui,
1821 540 1959 589 tum
1990 548 2139 589 ave-

696 668 840 709 mus
853 644 1089 726 aliquid
1108 644 1343 720 videre,
1356 641 1958 719 audirestddisceres
1980 663 2135 725 cog-

695 760 1137 839 nitionemque
1171 778 1414 831 rerum,
1449 773 1558 819 aut
1592 757 1988 820 occultarum
2021 772 2134 818 aut

696 873 1187 945 admirabilium,
1224 872 1306 933 ad
1334 872 1512 932 beate
1548 870 1890 932 vivendum
1926 868 2131 933 neces·

696 987 921 1052 sariam
943 987 1266 1050 ducimus:
1289 1009 1369 1050 ex
1385 1007 1519 1069 quo
1537 987 1937 1069 intelligitur,
1956 986 2135 1068 quod

698 1119 950 1174 verum,
985 1096 1270 1179 fimplex,
1309 1098 1742 1179 sincerumque
1778 1098 1877 1172 fit,
1912 1098 1976 1159 id
2013 1096 2130 1160 effe

701 1228 965 1276 naturae
981 1212 1260 1274 hominis
1284 1212 1687 1294 aptiflimum.
1723 1212 1874 1274 huic
1897 1212 2028 1272 veri
2048 1210 2142 1271 vi-

702 1328 897 1392 dendi
950 1326 1284 1408 cupiditati
1344 1325 1636 1405 adjuncta
1687 1327 1775 1388 est
1832 1326 2143 1408 appetitio

705 1442 1018 1526 quaedam
1041 1441 1454 1523 principatuS,
1481 1457 1553 1504 ut
1578 1443 1815 1503 nemini
1837 1464 2054 1525 parere
2077 1464 2143 1504 a·

705 1556 918 1619 nimus
943 1553 1102 1615 bene
1124 1575 1158 1614 a
1185 1568 1409 1614 natura
1430 1551 1814 1618 informatus
1838 1558 2007 1626 velit,
2030 1555 2145 1618 nifi

601 1668 607 1674 ’
707 1665 1118 1750 praecipienti
1134 1680 1237 1741 aut
1254 1666 1534 1742 docenti,
1549 1683 1656 1730 aut
1668 1671 1957 1731 utilitatis
1973 1667 2148 1731 caus-

707 1777 770 1842 sa
789 1778 951 1857 juste
980 1791 1043 1839 et
1069 1778 1345 1859 legitime
1368 1780 1734 1861 imperanti:
1762 1802 1844 1842 ex
1863 1802 1996 1864 quo
2016 1781 2149 1842 ani-

710 1894 800 1957 mi
824 1892 1198 1975 magnitudo
1219 1890 1448 1967 existit,
1471 1893 2026 1976 humanarumque
2049 1914 2150 1955 re-

710 2005 1254 2072 rumc‘ontemtio.
1295 2025 1408 2066 nec
1431 2025 1583 2067 vero
1602 2007 1704 2066 illa
1722 2029 1912 2088 parva
1927 2008 2016 2069 vis
2039 2029 2151 2068 na-

712 2139 894 2185 turae
917 2121 1008 2182 est
1037 2117 1450 2201 rationisque,
1489 2121 1666 2202 quod
1694 2144 1898 2186 unum
1934 2125 2058 2186 hoc
2085 2145 2151 2185 a·

715 2235 912 2300 nimai
945 2232 1132 2296 sentit
1169 2234 1325 2315 quid
1354 2233 1427 2295 fit
1456 2234 1646 2309 mdo,
1684 2237 1839 2318 quid
1867 2237 1940 2299 fit
1972 2237 2154 2318 quod

717 2347 962 2421 deceat,
986 2345 1051 2405 in
1076 2342 1254 2406 factis
1278 2344 1580 2426 dictisque
1606 2348 1718 2427 qui
1748 2349 1998 2410 modus.
2037 2350 2155 2410 ita-

719 2480 846 2541 que
873 2479 1100 2522 eorum
1127 2454 1432 2540 ipsorum,
1457 2480 1618 2541 quae
1646 2461 1938 2544 adspectu
1967 2461 2156 2526 senti-

717 2589 943 2646 untur,
978 2570 1224 2635 nullum
1259 2572 1428 2633 aliud
1465 2574 1693 2635 animal
1732 2574 2159 2657 pulchritudi-

720 2707 895 2759 nem,
911 2683 1323 2760 yenustatem,
1341 2685 1848 2749 convenientiam
1878 2688 2159 2770 partium

723 2795 911 2859 sentit
935 2817 950 2856 z
986 2816 1193 2880 quam*
1212 2796 1686 2859 similitudinem
1712 2813 1940 2862 natura
1966 2800 2160 2861 ratio-

727 2932 852 2993 que
869 2911 947 2971 ab
963 2911 1164 2974 oculis
1179 2912 1257 2973 ad
1273 2911 1555 2974 animum
1572 2910 1981 2990 transferenS,
1995 2913 2163 2975 mul-

729 3035 800 3086 to
824 3023 1014 3086 etiam
1040 3023 1233 3106 magis
1268 3024 1834 3105 pulchritudinem,
1870 2999 2164 3091 constan-2

730 3132 910 3214 tiam,
938 3135 1231 3201 ordinem
1268 3137 1331 3199 in
1367 3138 1636 3202 confinis
1671 3138 1970 3225 factisque
2005 3162 2163 3207 con-
