2499 4196
683 414 762 479 68
1087 420 1718 473 1313012510113

686 544 836 611 ferti
857 544 1004 611 sunt
1017 537 1037 610 τ’
1052 551 1385 633 multaque
1401 550 1763 611 multorum
1784 543 1987 613 facete
1999 547 2136 619 dic?

686 673 789 735 tat
810 675 884 727 ut
908 682 1001 736 ea,
1021 681 1181 743 quae
1205 683 1240 724 a
1265 660 1402 724 sene
1418 661 1666 727 Catone
1682 661 1944 724 collesta
1958 659 2130 740 sunt,

689 795 851 855 quae
880 791 1108 839 vocant
1137 764 1564 853 ἀποφθέγμαῖα.
1602 772 1801 837 fac-ilis
1829 776 2023 858 igitur
2045 777 2135 843 est

690 887 1004 953 distinfflo
1033 888 1293 971 ingenui
1320 903 1384 951 et
1421 889 1738 959 illiberalis
1765 890 1937 969 joci:
1971 892 2133 965 alter

687 1003 801 1078 est,
824 1002 870 1069 si
892 1016 1180 1084 tempore
1201 1004 1276 1070 fit
1300 1026 1368 1069 ac
1391 1002 1641 1067 remisso
1665 1004 1903 1076 anime,
1929 1005 2130 1069 libero

689 1117 919 1198 dignus
939 1138 955 1178 τ
982 1117 1141 1181 alter
1157 1138 1234 1181 ne
1251 1119 1513 1181 homine
1535 1118 1821 1199 quidem,
1845 1118 1892 1179 fi
1914 1139 2130 1182 rerum

689 1233 1082 1314 turpitudini
1118 1234 1459 1301 adhibetur
1494 1233 1840 1307 verborum
1874 1230 2132 1294 obscoe-

688 1345 875 1409 nitas.
907 1346 1171 1408 ludendi
1188 1348 1373 1409 etiam
1395 1345 1481 1408 est
1505 1345 1765 1433 quidam
1785 1345 2017 1407 modus
2034 1366 2134 1411 rez-

688 1461 1016 1535 tinendus,
1028 1475 1102 1523 ut
1116 1482 1195 1522 ne
1208 1461 1392 1524 nimis
1405 1461 1619 1528 omnia
1635 1457 2130 1542 profundamus,

689 1572 966 1657 elatique
1007 1575 1333 1654 voluptate
1371 1576 1437 1637 in
1474 1575 1750 1655 aliquam
1780 1575 2132 1656 turpitudio-

689 1705 840 1748 nem
893 1686 1283 1750 delabamur.
1345 1686 1749 1770 suppeditant
1801 1703 2018 1750 autem
2065 1701 2130 1751 et

689 1819 949 1881 campus
984 1799 1215 1873 noster,
1240 1817 1302 1862 et
1325 1801 1527 1864 studia
1555 1799 1848 1871 venandi.
1872 1796 2132 1865 honesta

689 1915 979 1995 exempla
1006 1915 1293 1977 ludendi.
1412 1914 1534 1977 Sed
1571 1915 1841 1997 pertinet
1877 1916 1957 1985 ad
1992 1936 2130 1977 om·
2153 1948 2209 2003 30

688 2045 839 2100 nem
851 2025 1047 2089 officii
1061 2028 1485 2110 quaestionem
1501 2024 1813 2112 semperin
1829 2041 2132 2112 promptu

688 2143 946 2218 habere,
972 2158 1289 2224 quantum
1316 2127 1545 2210 naturai
1570 2144 1848 2208 hominis
1873 2144 2133 2225 pecudi?

572 2289 584 2314 ε
689 2256 809 2320 bus
836 2256 1215 2340 reliquisque
1237 2261 1460 2324 belluis
1483 2259 1834 2326 antecedat.
1871 2261 2011 2321 illae
2034 2258 2134 2332 niq-

689 2373 785 2435 hil
799 2370 1073 2450 sentiunt
1092 2375 1205 2438 nifi
1220 2378 1638 2458 voluptatem,
1660 2376 1737 2439 ad
1753 2395 2018 2457 eamque
2037 2373 2133 2469 se·

688 2489 1115 2558 runturomni
1136 2489 1376 2570 impetu
1397 2512 1410 2551 :
1434 2489 1713 2554 hominis
1727 2503 1936 2552 autem
1953 2510 2132 2564 mene

690 2595 991 2669 discendo
1022 2601 1214 2664 alitur
1244 2616 1308 2664 et
1343 2603 1711 2685 cogitando,
1747 2600 1988 2683 semper
2020 2603 2133 2666 ali,

690 2712 844 2793 quid
882 2725 987 2774 aut
1022 2715 1300 2793 anquirit
1337 2734 1438 2778 aut
1467 2718 1620 2798 agit,
1655 2716 2040 2798 videndique
2067 2730 2131 2787 et

689 2824 990 2912 audiendi
1011 2825 1425 2896 delcetatione
1448 2830 1730 2891 ducitur.
1756 2828 2130 2910 quinetiam.

689 2936 734 2998 fi
754 2936 893 3016 quis
917 2937 1001 2999 est
1027 2940 1240 3019 paullo
1264 2942 1342 3001 ad
1355 2942 1709 3024 voluptates
1732 2942 2132 3028 propenfior,

689 3051 888 3132 modo
905 3073 982 3114 ne
1005 3033 1076 3112 fit
1094 3072 1171 3112 ex
1194 3055 1510 3134 pecudum
1528 3077 1754 3139 genere
1771 3053 1941 3130 (sunt
1959 3055 2133 3120 enim

692 3165 952 3264 quidam
966 3167 1257 3231 homines
1275 3189 1407 3234 non
1420 3191 1511 3246 re,
1530 3168 1634 3236 sed
1651 3163 1973 3246 nomine);
1998 3166 2130 3253 sed,
