2499 4196
630 378 744 437 194
1065 378 1178 426 1213
1245 377 1659 427 0121110118

622 496 1011 564 deliberatio,
1035 515 1224 584 atque
1247 503 1438 565 etiam
1461 524 1541 565 ex
1562 501 1736 565 omni
1754 495 2063 565 delibera·-

625 608 800 671 tione
822 615 1062 675 celandi
1088 632 1149 677 et
1173 616 1533 678 occultandi
1556 613 1688 698 spes
1709 615 2069 698 opinioque-

623 727 1009 787 removenda
1033 729 1152 788 est:
1188 726 1331 789 satis
1357 729 1523 790 enim
1548 728 1730 790 nobis
1766 726 1838 809 (fi
1862 725 2071 788 modo

625 836 692 895 in
727 835 1122 920 philosophia
1154 840 1394 923 aliquid
1449 835 1862 923 profecimus)
1921 859 2069 921 per-

626 945 874 1009 suasum
909 949 1024 1011 effe
1060 952 1269 1027 debet,
1324 952 1371 1013 fi
1415 973 1634 1015 omnes
1667 952 1823 1014 deos
1856 950 2074 1014 bomi—

627 1059 858 1144 nesque
893 1065 1090 1125 celare
1130 1065 1450 1147 poffimus,
1490 1065 1651 1127 nihil
1686 1078 1898 1127 tamen
1926 1083 2072 1126 ava·

626 1199 720 1253 re,
759 1179 919 1240 nihil
945 1179 1190 1258 injuste,
1220 1181 1378 1242 nihil
1402 1176 1757 1256 libidinose,
1785 1179 1947 1241 nihil
1973 1179 2077 1240 in-

628 1293 1033 1354 continenter
1088 1289 1206 1353 effe
1268 1289 1651 1354 faciendum.
1736 1290 1911 1353 Hinc
1965 1289 2071 1352 ille
2102 1301 2136 1342 9

630 1403 844 1486 Gyges
868 1405 1191 1465 inducitur
1217 1427 1253 1465 a
1277 1404 1580 1478 Platone;
1617 1405 1754 1486 qui,
1783 1425 1929 1466 cum
1949 1419 2077 1466 ter-

629 1537 700 1575 ra
722 1513 1068 1575 disceffiffet
1089 1517 1332 1598 magnis
1350 1513 1727 1596 quibusdam
1741 1515 2103 1592 imbribus,

631 1629 700 1689 in
750 1625 931 1688 illum
980 1627 1223 1690 hiatum
1281 1625 1626 1704 descendit,
1684 1648 2079 1711 aeneumque

631 1761 874 1822 equum
913 1737 1014 1817 (ut
1041 1738 1264 1804 ferunt
1294 1740 1567 1822 fabulae)
1606 1742 2089 1819 animadvertit,

633 1850 814 1931 cujus
851 1854 917 1915 in
951 1855 1255 1917 lateribus
1289 1851 1463 1916 fores
1489 1849 1719 1926 effent;
1756 1852 1989 1934 quibus
2016 1874 2083 1915 a-

632 1967 852 2046 pertis,
889 1966 1169 2029 hominis
1203 1967 1444 2029 mortui
1470 1964 1630 2026 vidit
1649 1985 1883 2047 corpus
1907 1988 2084 2050 tnag-

632 2081 925 2144 nitudine
960 2081 1281 2158 inufitata‚
1328 2079 1768 2162 annulumque
1813 2102 2083 2145 aureum

633 2194 699 2253 in
736 2194 971 2277 digito;
1008 2214 1202 2276 quem
1232 2206 1309 2256 ut
1345 2192 1647 2269 detraxit,
1680 2188 1807 2273 ipse
1843 2190 2083 2256 induit:

634 2306 792 2386 (erat
822 2320 1036 2367 autem
1069 2304 1278 2389 regius
1305 2298 1569 2387 pastor):
1605 2319 1747 2365 tum
1776 2304 1840 2364 in
1870 2305 2088 2367 conci-

635 2421 792 2482 lium
819 2420 1142 2502 pastorum
1165 2417 1225 2481 se
1249 2420 1521 2502 recepit:
1559 2417 1668 2492 ibi,
1704 2438 1854 2479 cum
1876 2419 2089 2500 palam

637 2530 773 2609 ejus
801 2534 1020 2594 annuli
1042 2534 1120 2595 ad
1145 2533 1415 2615 palmam
1438 2546 1865 2608 converterat,
1888 2554 1921 2593 a
1938 2531 2085 2592 nul-

637 2644 705 2705 lo
740 2644 1094 2722 videbatur,
1127 2643 1255 2728 ipse
1288 2659 1507 2707 autem
1556 2644 1773 2706 omnia
1809 2643 2095 2705 videbat}

638 2754 808 2815 idem
837 2753 1053 2817 rursus
1075 2757 1439 2830 videbatur,
1466 2778 1615 2818 cum
1640 2755 1947 2819 inlocum
1974 2778 2089 2818 an-

638 2868 867 2929 nulum
903 2868 1265 2931 inverterat.
1303 2869 1517 2951 itaque
1552 2871 1670 2932 hac
1704 2870 2093 2954 opportuni-

641 2993 770 3042 tate
808 2984 1027 3044 annuli
1056 2982 1204 3047 usus
1237 2986 1486 3069 reginae
1517 2986 1806 3067 stuprum
1844 2986 2096 3060 intulit,

639 3114 837 3176 eaque
884 3094 1191 3175 adjutrice
1226 3119 1443 3184 regem
1480 3100 1821 3165 dominum
1856 3103 2095 3166 inter-e·
2125 3152 2134 3159 .
