2499 4196
769 424 1050 473 erzn
1111 425 1492 474 patmus,
1777 440 1854 497 4⁸

422 549 572 614 kint
610 546 857 614 cnaeus
892 568 953 613 et
989 550 1253 614 Publius
1305 550 1656 635 Scipionem,
1704 552 1854 615 hinc

423 662 521 723 M.
550 663 913 740 MarcelluS,
929 664 1540 746 innumerabilesque
1564 664 1700 725 alii:
1726 686 1857 735 ma,-

421 778 716 859 ximeque
729 775 850 860 ipse
868 776 1671 860 populusRomanusanimi
1684 797 1866 858 mag·-

420 891 710 951 nitudine
729 892 1000 952 excellit.
1039 889 1399 951 declaratur
1425 904 1636 951 autem
1661 888 1860 950 studi-

419 1023 532 1062 um
562 1004 812 1066 bellicae
842 1004 1102 1085 gloriae,
1133 1004 1313 1084 quod
1341 1003 1563 1065 statuas
1593 1022 1856 1085 quoque

348 1131 402 1172 19
422 1116 706 1178 videmus
734 1133 967 1179 ornatu
997 1116 1125 1179 fere
1156 1117 1429 1179 militari.
1532 1115 1659 1181 Sed
1686 1138 1757 1178 ea
1791 1138 1854 1177 a·

421 1229 574 1289 nimi
603 1231 816 1303 elatio,
855 1250 1017 1312 quae
1052 1232 1339 1291 cernitur
1372 1231 1434 1291 in
1467 1228 1759 1310 periculis
1789 1242 1853 1289 et

419 1344 762 1417 laboribus,
787 1344 832 1404 fi
852 1344 1094 1420 justitia
1117 1357 1318 1420 vacat,
1332 1357 1697 1427 pugnatque
1719 1364 1853 1406 non

420 1477 537 1538 pro
564 1456 759 1518 salute
784 1456 1258 1534 communi‚-scd
1283 1481 1401 1541 pro
1426 1456 1546 1522 suis
1569 1480 1854 1523 commo-

420 1570 536 1646 dis,
566 1570 631 1632 in
658 1572 815 1633 vitio
843 1573 959 1635 est:
989 1595 1121 1636 non
1147 1574 1318 1636 enim
1342 1576 1535 1638 modo
1557 1574 1620 1636 id
1649 1574 1851 1637 virtu-

406 1687 497 1755 tis
515 1707 646 1748 non
668 1686 777 1761 est,
805 1684 907 1747 sed
931 1687 1568 1769 potiusjmmanitatis
1592 1709 1853 1751 omnem

419 1800 876 1863 humanitatem
893 1802 1275 1882 repellentis„
1310 1802 1518 1881 itaque
1536 1801 1731 1881 probe
1744 1802 1855 1862 de·

418 1913 642 1976 finitur
670 1938 703 1976 a
734 1913 958 1975 Stoicis
988 1913 1333 1988 fortitudO,
1372 1935 1518 1976 cum
1553 1935 1689 1976 eam
1726 1916 1854 1975 vir-

419 2027 766 2103 tutem-effe
793 2029 1016 2090 dicunt
1052 2042 1559 2112 propugnantem
1597 2048 1715 2110 pro
1751 2049 1854 2089 ae-

420 2144 686 2223 quitate.
740 2143 1039 2224 quocirca
1069 2162 1281 2218 nemo,
1313 2143 1421 2224 qui
1449 2139 1851 2204 fortitudinis

419 2259 687 2340 gloriam
718 2255 1092 2319 consecutus
1116 2260 1201 2320 est
1231 2259 1462 2320 infidiis
1498 2272 1561 2320 et
1590 2258 1849 2332 malitia,

417 2372 669 2433 laudem
697 2371 781 2432 est
812 2371 1108 2453 adeptus:
1133 2373 1288 2433 nihil
1314 2374 1482 2434 enim
1511 2372 1850 2434 honestum

417 2485 534 2549 effe
552 2488 776 2569 potest,
793 2488 961 2567 quod
978 2486 1214 2564 justitia
1229 2500 1428 2549 vacat.
1458 2488 1848 2568 praeclarum

417 2602 614 2683 igitur
642 2599 921 2662 Platonis
948 2600 1136 2662 illud:
1169 2604 1186 2631 ‘
1216 2622 1345 2664 non
1366 2597 1590 2672 solum,
1611 2599 1847 2682 inquit,

418 2713 439 2745 ‘
468 2715 743 2787 scientia,
782 2738 939 2799 quae
968 2719 1054 2778 est
1076 2735 1321 2780 remota
1345 2742 1376 2779 a
1396 2718 1648 2796 justitia,
1679 2720 1849 2780 calli-

417 2835 438 2867 ‘
467 2833 628 2895 ditas
653 2834 886 2916 potius„
904 2855 1092 2915 quam
1112 2833 1407 2916 sapientia
1429 2835 1515 2895 est
1532 2835 1850 2916 appellan-

417 2949 438 2981 ‘
469 2948 583 3020 da3
616 2968 837 3009 verum
864 2950 1053 3009 etiam
1083 2948 1326 3010 animus
1353 2962 1605 3029 paratus
1634 2949 1712 3010 ad
1741 2970 1848 3030 pe-

417 3061 439 3093 ‘
470 3063 760 3135 ticulum,
791 3062 834 3122 fi
863 3059 967 3122 sua
1002 3061 1368 3142 cupiditate,
1408 3082 1539 3121 non
1568 3061 1845 3126 utilitate

416 3175 440 3208 ‘
466 3176 1176 3260 communiimpcllitur,
1201 3175 1493 3239 audaciae
1505 3177 1718 3258 potius
1732 3197 1846 3242 no·
1925 3189 1928 3190 ’

1091 3273 1140 3339 F
