2499 4196
632 420 1415 481 anznnntmus.
1673 422 1766 504 ⁶9

325 556 370 621 fi
395 553 535 638 quis
557 553 646 617 est
666 550 1199 637 paulloereffior,
1226 549 1515 633 quamvis
1539 555 1771 641 volup·

326 684 457 733 tate
479 669 786 752 capiatur,
812 669 1098 731 occultat
1120 678 1186 728 et
1213 665 1554 733 diflimulat
1583 690 1774 755 appe-

326 785 522 853 titum
556 782 926 866 voluptatis,
983 793 1251 864 propter
1275 786 1724 850 verecundiam
1750 810 1771 850 t

325 916 408 975 ex
433 916 569 978 quo
612 895 1011 981 intelligitur,
1057 894 1348 977 corporis
1373 896 1775 980 voluptatem

326 1032 466 1091 non
494 1009 637 1073 satis
660 1009 776 1073 effe
798 1012 1057 1094 dignam
1078 1010 1354 1073 hominis
1377 1012 1776 1093 praestantia,

326 1148 599 1209 eamque
621 1128 1024 1189 contemniet
1043 1123 1216 1203 rejici
1231 1140 1563 1208 oporteret
1594 1127 1687 1190 sm
1701 1128 1779 1197 fit

329 1239 657 1325 quispiam,
675 1242 788 1326 qui
815 1242 1055 1325 aliquid
1079 1241 1312 1303 tribuat
1331 1241 1664 1324 voluptati,
1684 1244 1783 1307 di-

328 1358 601 1440 ligenter
645 1358 702 1419 ei
751 1356 1104 1420 tenendum
1137 1351 1257 1417 esse
1292 1357 1421 1435 ejus
1468 1353 1781 1420 fruendae

332 1471 626 1538 modum.
657 1470 872 1553 itaque
900 1469 1099 1545 vietus
1127 1466 1466 1553 cultusque
1491 1470 1783 1553 corporis

334 1585 416 1662 ad
433 1585 866 1655 valetudinem
890 1581 1232 1655 referatur,
1251 1595 1315 1647 et
1338 1584 1419 1646 ad
1441 1584 1628 1661 vires,
1648 1604 1786 1658 non

336 1696 418 1759 ad
442 1698 862 1780 voluptatem.
889 1713 1082 1777 atque
1102 1698 1295 1759 etiam
1316 1695 1363 1757 fi
1384 1697 1787 1761 confidet-are

336 1810 657 1885 volumus»,
686 1831 848 1893 quae
872 1808 941 1871 fit
971 1810 1035 1871 in
1062 1823 1293 1881 natura
1323 1812 1696 1875 excellentia
1722 1822 1789 1876 et

340 1922 636 2006 dignitaS,
667 1924 1092 2005 intelligemus
1122 1944 1317 2005 quam
1345 1924 1419 1985 fit
1448 1937 1633 2007 turpe
1661 1921 1789 1987 dif-

339 2037 543 2112 fluere
576 2038 855 2114 luxuria,
901 2049 963 2101 et
993 2037 1255 2110 delicate
1288 2058 1358 2101 ac
1393 2038 1675 2102 molliter
1699 2038 1795 2101 vi-

342 2174 490 2215 vere
505 2176 525 2228 3
563 2173 885 2235 quamque
928 2152 1272 2232 honestum
1318 2173 1528 2236 parce,
1584 2155 1794 2217 conti·

346 2277 599 2339 neuter,
637 2259 866 2338 severe,
906 2261 1133 2326 sobrie.
1182 2261 1669 2349 intelligendum
1704 2266 1796 2341 est

346 2376 565 2451 etiam,
592 2375 836 2442 duabus
862 2375 1036 2464 quafi
1063 2397 1181 2439 nos
1208 2399 1242 2439 a
1270 2393 1495 2440 natura
1530 2379 1796 2448 indutos
1835 2451 1838 2456 .

351 2489 467 2568 effe
492 2488 801 2573 personis:
840 2513 1116 2575 quarum
1141 2515 1271 2554 una
1296 2493 1384 2570 est
1411 2495 1799 2574 communis,

352 2630 435 2674 ex
458 2630 536 2671 eo
556 2612 736 2692 quod
760 2632 982 2673 omnes
1010 2611 1341 2695 participes
1366 2610 1578 2675 sumus
1600 2615 1799 2676 ratio·

354 2726 452 2801 nis
483 2726 1021 2812 praestantiaeque
1050 2728 1352 2810 ejus,qua
1371 2730 1800 2794 antecellimus
1909 2763 1915 2769 ·

354 2839 599 2914 bestiis;
634 2861 670 2900 a
704 2860 831 2921 qua
868 2862 1060 2903 omne
1093 2842 1433 2905 honesturn
1459 2842 1805 2918 decorum-2·

358 2974 486 3035 que
518 2953 823 3031 trahitur,
857 2968 921 3016 et
956 2975 1038 3017 ex
1072 2976 1201 3038 qua
1234 2956 1402 3019 ratio
1437 2956 1804 3024 inveniendi

365 3067 562 3138 officii
581 3070 944 3151 exquiritur
962 3093 979 3132 ε
1004 3072 1202 3134 altera
1217 3085 1459 3148 autem,
1475 3091 1637 3153 quae
1654 3093 1805 3155 prus

367 3185 503 3269 prie
524 3182 781 3267 singulis
804 3184 891 3252 est
913 3186 1179 3250 tributa:
1203 3200 1280 3250 ut
1294 3185 1554 3262 enimin
1576 3205 1808 3271 cot-poe
