2499 4196
651 396 939 445 LinER
1006 395 1531 447 SECUNDUS.
1746 413 1852 470 141

407 521 646 584 tribuat
670 523 797 584 hoc
826 521 1127 593 muneris,
1151 521 1331 600 cujus
1360 523 1652 587 inimicos
1678 522 1856 586 ulcis-

407 639 461 699 ci
488 635 758 719 saepiu3‚
790 654 921 699 non
945 636 1032 698 est
1059 638 1678 719 reprehendendum.
1716 662 1857 704 mo-

412 755 526 815 dus
554 770 774 815 tamen
805 753 991 815 adsit:
1039 753 1187 815 duri
1214 756 1384 815 enim
1413 756 1715 832 hominis,
1758 756 1857 817 vel

412 870 627 953 potius
648 870 757 931 vix
775 870 1052 932 hominis
1077 870 1354 942 videtur,
1374 873 1729 954 periculum
1754 894 1857 935 ca-

411 988 554 1069 pitis
586 985 828 1049 inferre
865 986 1127 1069 multis..
1157 986 1220 1046 id
1258 1008 1405 1047 curn
1433 987 1854 1069 periculosum

414 1103 522 1185 ipsi
556 1104 667 1179 est,
718 1115 861 1166 turn
897 1102 1088 1164 etiam
1123 1097 1453 1163 sordidum
1491 1103 1567 1162 ad
1594 1101 1853 1179 famam,

416 1220 817 1282 committere
842 1234 912 1282 ut
936 1216 1265 1281 accusator
1294 1220 1652 1282 nominere:
1680 1221 1858 1302 quod

415 1336 679 1417 contigit
713 1334 811 1396 M.
849 1337 1077 1406 Bruto,
1127 1331 1378 1395 summo
1413 1355 1641 1416 genere
1679 1347 1856 1411 nat0,

416 1451 580 1512 illius
609 1450 770 1526 filio,
808 1449 917 1532 qui
946 1448 1107 1528 juris
1135 1450 1332 1511 civilis
1362 1450 1425 1511 in
1455 1451 1667 1533 primis
1693 1452 1857 1534 peri-

414 1580 517 1628 tus
543 1565 688 1628 fuit.
718 1582 906 1646 atque
932 1566 1114 1627 etiam
1138 1565 1258 1628 hoc
1283 1585 1687 1650 praeceptum
1712 1569 1857 1631 offi-

417 1683 494 1743 cii
521 1683 863 1764 diligenter
889 1680 1234 1773 tenendum
1259 1681 1373 1759 est,
1398 1703 1475 1743 ne
1501 1704 1691 1763 quem
1716 1705 1858 1744 um-

339 1832 346 1841 ·
415 1817 611 1877 quam
634 1796 1042 1857 innocentem
1058 1794 1305 1873 judicio
1333 1796 1552 1876 capitis
1575 1794 1859 1858 arcessas:

418 1914 484 1980 id
515 1914 684 1974 enim
710 1911 838 1972 fine
874 1908 1101 1971 scelere
1137 1910 1276 1972 fieri
1311 1911 1490 1971 nullo
1528 1911 1709 1992 paclo
1747 1933 1862 1993 po-

418 2029 568 2090 test:
596 2050 741 2090 nam
763 2029 920 2111 quid
944 2028 1029 2089 est
1053 2041 1185 2088 tam
1205 2027 1647 2104 inhumanum,
1671 2049 1862 2110 quam

417 2146 881 2229 eloquentiam,
919 2166 952 2206 a
989 2158 1218 2206 natura
1253 2143 1328 2205 ad
1364 2142 1626 2207 salutem
1654 2146 1864 2207 homi-

399 2273 580 2326 'num
607 2277 671 2323 et
699 2262 777 2323 ad
806 2258 1344 2323 conservationem
1374 2262 1607 2338 datam,
1644 2264 1722 2325 ad
1750 2264 1865 2327 bo-

419 2399 660 2439 norum
689 2377 922 2459 pestem
956 2377 1422 2458 perniciemque
1451 2389 1813 2438 convertere
1837 2381 1858 2438 ,³
1934 2353 1937 2358 Ἴ

420 2513 537 2567 nec
565 2506 800 2564 tamen,
827 2505 900 2551 ut
929 2491 1049 2552 hoc
1074 2488 1455 2573 fugiendum
1487 2492 1595 2562 est,
1632 2493 1719 2554 ita
1755 2494 1869 2557 ha-

413 2607 706 2668 bendum
743 2605 828 2667 est
855 2606 1169 2689 religioni,
1219 2622 1556 2669 nocentem
1585 2609 1868 2691 aliquan-

424 2724 536 2799 do,
557 2723 752 2785 modo
775 2745 852 2785 ne
880 2723 1197 2785 nefarium
1222 2725 1634 2806 impiumque,
1653 2726 1870 2794 defen·

427 2842 607 2903 dere:
629 2841 767 2901 vult
789 2841 916 2902 hoc
939 2842 1315 2912 multitudo,
1343 2844 1583 2924 patitur
1606 2844 1869 2909 consue-

425 2957 616 3032 tudO,
675 2955 804 3017 fert
841 2959 1029 3019 etiarn
1065 2957 1439 3020 humanitas.
1483 2960 1714 3038 judicis
1758 2963 1868 3040 est,

427 3075 673 3157 semper
707 3076 771 3134 in
810 3075 1025 3136 caustis
1062 3095 1288 3136 verum
1323 3073 1536 3157 sequi;
1587 3079 1869 3158 patroni,

428 3210 920 3274 nonnumquam
955 3190 1310 3269 verisimile,
1357 3192 1546 3255 etiarn
1581 3191 1625 3253 fi
1663 3191 1871 3265 minus¹
