2499 4196
659 341 970 420 1⁶„11‘3131‘t
1039 351 1584 417 SECUNDUS.
1758 357 1871 436 169

405 459 660 559 feritati.
697 508 1116 558 externorum
1144 507 1395 568 autem;
1434 506 1513 556 ut
1534 488 1739 576 gloria
1765 490 1860 551 di-

405 610 597 688 vitiis,
648 608 971 694 vestigalia
995 610 1235 671 urbana
1268 606 1530 671 rusticis.
1595 626 1675 668 ex
1722 617 1855 688 quo

407 743 636 810 genere
666 722 1148 807 comparationis
1171 724 1330 786 illud
1357 724 1444 786 est
1472 722 1737 786 Catonis
1766 719 1859 784 se·-

407 841 539 918 nis;
567 862 602 902 a
624 849 758 922 quo
781 861 930 902 cum
953 851 1391 922 quaereretur,
1409 838 1564 922 qu'id
1582 837 1857 901 maxime

406 955 477 1018 in
498 975 569 1018 re
591 952 887 1018 familiari
908 955 1261 1037 expediret,
1278 952 1627 1038 respondit,
1657 961 1675 988 ‘
1693 954 1854 1020 bene

410 1064 434 1100 ‘
469 1063 761 1151 pascere.’
820 1067 977 1151 quid
1024 1065 1415 1133 secundum?
1471 1068 1656 1133 ‘satis
1689 1071 1852 1132 bene

410 1180 433 1216 ‘
469 1181 761 1266 pascere-⁹
797 1184 952 1266 quid
983 1182 1274 1247 tertium?
1326 1187 1348 1219 ‘
1376 1186 1537 1247 male
1566 1175 1855 1267 pascere!

408 1300 569 1382 quid
591 1299 939 1384 quartum?
989 1302 1249 1364 ‘arare.’
1308 1314 1373 1366 et
1403 1323 1550 1365 cum
1577 1301 1706 1379 ille,
1743 1301 1861 1385 qui

407 1417 780 1500 quaefierat,
815 1401 1086 1497 dixiffet,
1121 1421 1278 1502 quid
1305 1406 1672 1483 foenerari?
1710 1433 1854 1483 tum

404 1517 596 1610 Cato,
650 1531 676 1567 ‘
705 1532 864 1616 quid
911 1533 1287 1612 hominem,’
1346 1534 1583 1618 inquit,
1638 1535 1855 1600 ‘occi-⁴

402 1644 427 1680 ‘
460 1647 609 1711 dere
627 1645 675 1711 ?’
741 1670 823 1711 ex
870 1670 1001 1732 quo
1045 1667 1107 1712 et
1140 1651 1361 1714 multis
1402 1651 1535 1715 aliis
1584 1651 1856 1736 intelligi

399 1763 615 1840 debet,
647 1765 1000 1828 utilitatum
1036 1767 1547 1849 comparationes
1583 1768 1722 1831 fieri
1754 1766 1856 1834 so-

397 1878 558 1957 lere,
608 1879 904 1961 recteque
939 1881 1068 1942 hoc
1101 1883 1473 1962 ddjunstum
1507 1881 1624 1946 effe
1659 1905 1855 1967 quar-⁶

402 2004 544 2056 tum
607 1972 1157 2076 exquirendorum
1209 1997 1578 2060 officiorum
1631 2020 1854 2083 genus.v

402 2105 514 2173 sed
548 2123 692 2172 toto
716 2111 842 2174 hoc
877 2112 956 2174 de
984 2133 1239 2197 genere,
1269 2115 1347 2177 de
1370 2116 1748 2198 quaerenda,
1774 2117 1859 2183 de*

406 2223 786 2288 collocanda
845 2201 1138 2309 pecunia,
1203 2228 1394 2292 etiam
1454 2230 1532 2293 de
1586 2232 1858 2309 utenda,
1893 2271 1910 2293 .

406 2338 808 2401 commodius
836 2360 870 2402 a
893 2339 1280 2421 quibusdam
1307 2344 1557 2426 optimis
1591 2346 1736 2408 viris
1772 2347 1859 2409 ad.

405 2453 693 2516 medium
713 2452 940 2535 Janum
962 2454 1347 2536 sedentibuS,
1383 2472 1575 2541 quam
1604 2461 1680 2523 ab
1707 2460 1856 2524 ullis

405 2566 804 2654 philosophis
858 2573 993 2636 ulla
1039 2574 1109 2636 in
1168 2571 1413 2654 schola,
1478 2574 1855 2659 disputatur,

408 2680 559 2746 sunt
586 2697 800 2750 tamen
835 2709 907 2751 ea
935 2687 1408 2773 cognoscenda:
1443 2691 1766 2775 pertinent
1790 2711 1858 2752 e-

408 2798 548 2861 nim
582 2801 662 2862 ad
699 2803 1069 2882 utilitatem,
1107 2806 1186 2870 de
1231 2830 1360 2891 qua
1384 2808 1508 2872 hoc
1541 2808 1706 2871 libro
1736 2804 1855 2870 dis·

409 2925 708 2997 putatum
742 2918 851 2983 est.
904 2918 1151 3005 reliqua
1184 2921 1476 3008 deinceps
1520 2918 1858 3007 persequeo

410 3045 588 3097 mura

1100 3143 1167 3215 Y
