2499 4196
192 1296 229 1377 nd.-

723 421 1035 469 L113ER
1088 421 1499 471 PRIMUS.
1790 434 1824 494 ⁷

389 544 677 610 officium
701 548 960 625 dieitur,
988 563 1047 609 et
1071 544 1448 629 perfectum.
1472 545 1825 631 perfecitum

389 665 676 727 officium
709 665 949 749 rectum
979 659 1266 748 (opinor)
1295 685 1617 735 vocemus,
1647 669 1824 749 quod

388 777 621 840 Graeci
658 769 1033 863 narcifOoptoe:
1078 780 1203 841 hoc
1238 794 1448 841 autem
1482 799 1824 843 commune

387 893 672 955 officium
695 889 925 954 καθῆκον
947 907 1208 957 vocant:
1244 908 1437 975 atque
1464 912 1538 961 ea
1553 891 1638 954 fic
1668 893 1823 955 defi-

170 986 287 1061 ‘*‘*<s'³--
384 1008 600 1080 niunt,
649 1023 722 1069 ut
757 1007 999 1068 reftum
1029 1007 1200 1088 quod
1236 1007 1334 1081 fit,
1372 1005 1437 1067 id
1473 1003 1823 1088 perfectum

386 1119 665 1182 officium
691 1118 806 1182 effe
842 1120 1261 1199 [definiant];
1298 1122 1579 1183 medium
1607 1136 1821 1184 autem

383 1234 669 1297 officium
705 1234 769 1295 id
805 1232 922 1295 effe
949 1235 1181 1305 dicant,
1219 1235 1398 1315 quod
1434 1257 1549 1297 cur
1582 1233 1822 1301 faftum

380 1348 479 1425 fit,
535 1349 701 1411 ratio
739 1350 1076 1431 probabilis
1112 1349 1294 1410 reddi
1328 1348 1534 1431 poffit.
1588 1350 1820 1431 triplex

377 1461 578 1547 igitur
598 1465 685 1525 est
708 1469 808 1546 (ut
828 1462 1128 1526 Panaetio
1151 1458 1430 1538 videtur)
1458 1464 1697 1527 confilii
1719 1486 1820 1526 ca-

380 1581 592 1662 piendi
610 1580 999 1643 deliberatio:
1021 1602 1189 1651 nam,
1206 1581 1628 1644 honestumne
1646 1579 1818 1645 factu

377 1692 452 1753 fit
476 1713 556 1754 an
584 1707 794 1774 turpe,
824 1682 1141 1770 dubitant,
1172 1696 1262 1773 id,
1293 1695 1469 1777 quod
1494 1695 1560 1757 in
1582 1696 1819 1760 delibe-

377 1807 688 1895 rationem
711 1806 906 1868 cadit:
932 1806 996 1868 in
1010 1828 1142 1889 quo
1160 1807 1615 1871 considerando
1635 1804 1815 1892 saepe

377 1923 569 1985 animi
587 1923 650 1985 in
664 1924 1005 1987 contrarias
1020 1920 1350 1987 sententias
1363 1925 1814 1987 distrahuntur.

378 2054 518 2103 tum
546 2053 652 2102 aut
681 2039 1048 2122 anquirunt,
1077 2051 1186 2102 aut
1208 2036 1591 2114 consultant,
1622 2039 1701 2102 ad
1722 2040 1817 2103 vi-

376 2169 477 2216 tae
515 2153 1034 2217 commoditatem
1073 2153 1685 2236 jucunditatemque,
1733 2155 1815 2217 ad

374 2270 703 2334 facultates
726 2290 942 2334 rerum
969 2285 1162 2353 atque
1190 2272 1420 2354 copias,
1436 2271 1512 2333 ad
1540 2291 1714 2353 opes,
1734 2271 1815 2333 ad

375 2388 752 2470 potentiam,
791 2384 1015 2469 quibu&
1051 2401 1115 2447 et
1149 2382 1206 2447 se
1242 2383 1473 2468 poflint
1498 2383 1713 2463 juvare
1748 2398 1812 2447 et

374 2494 547 2571 sum,
583 2496 898 2560 conducat
934 2496 999 2558 id
1035 2516 1258 2569 necne,
1304 2495 1383 2556 de
1410 2515 1543 2577 quo
1577 2495 1813 2556 delibe-

373 2626 554 2673 rant:
575 2617 738 2692 ‘qnae
767 2610 1138 2672 deliberatio
1165 2609 1375 2672 omnis
1404 2609 1470 2669 in
1496 2608 1812 2672 rationem

373 2722 666 2787 utilitatis
715 2723 903 2787 cadit.
946 2726 1202 2787 tertium
1239 2723 1574 2787 dubitandi
1610 2745 1810 2807 genus

374 2837 487 2911 est,
503 2858 648 2899 cum
673 2857 955 2920 pugnare
976 2838 1227 2899 videtur
1252 2859 1398 2901 cum
1427 2838 1696 2901 honesto
1720 2839 1809 2916 id,

375 2951 555 3035 quod
576 2951 829 3013 videtur
851 2950 967 3014 esse
993 2952 1185 3014 utile:
1209 2973 1358 3013 cum
1381 2951 1549 3014 enim
1569 2953 1809 3016 utilitas

372 3060 454 3121 ad
481 3057 539 3121 se
566 3081 807 3142 rapere,
834 3062 1125 3124 honestas
1153 3076 1378 3123 contra
1403 3081 1700 3124 revocare
1727 3063 1810 3124 ad

369 3170 431 3236 se
456 3173 730 3254 videtur,
754 3174 847 3255 fit,
869 3192 941 3240 ut
965 3174 1350 3241 distrahatur
1369 3174 1436 3236 in
1460 3174 1810 3240 deliberan-
