2499 4196
658 459 732 520 82
1086 458 1195 514 DE
1265 450 1676 514 ownelrs

663 610 805 656 tum
846 591 919 655 fit
965 591 1260 677 personis,
1305 588 1724 672 temporibuS,
1773 586 2105 648 aetatibm.

664 705 829 767 nihil
855 706 940 769 est
967 721 1204 778 autem,
1261 704 1438 785 quod
1464 718 1591 763 tam
1614 694 1853 776 deceat,
1912 705 2108 781 quani

665 818 731 880 in
761 818 937 880 omni
970 838 1035 880 re
1072 816 1349 901 gerenda
1376 813 1771 896 consilioque
1802 814 2111 897 capiendo

666 928 906 993 servare
934 931 1371 995 constantiam.
1423 927 1552 992 Sed
1579 929 1887 1011 quoniam
1918 929 2109 991 deco·
2134 956 2200 999 35

665 1063 814 1104 rum
851 1042 1010 1107 illud
1046 1045 1111 1105 in
1148 1043 1445 1107 omnibus
1479 1040 1654 1105 fastis
1688 1056 1752 1105 et
1788 1042 1988 1116 dietis,
2040 1041 2112 1101 in

667 1159 956 1242 corporis
984 1160 1259 1243 denique
1287 1177 1469 1223 motu
1506 1175 1569 1222 et
1604 1160 1760 1223 statu
1798 1159 2110 1235 cernitur,

671 1266 893 1354 (idque
919 1271 1194 1355 pofitum
1211 1273 1300 1335 est
1323 1272 1385 1334 in
1408 1273 1606 1335 tribus
1623 1273 1834 1349 rebuS,
1859 1270 2114 1335 formo-

666 1384 871 1461 fitate,
922 1387 1174 1464 ordine,
1229 1400 1466 1449 ornatu
1490 1386 1567 1448 ad
1594 1386 1903 1448 actionem
1930 1400 2111 1468 apte,

669 1498 1033 1560 difficilibus
1068 1500 1146 1560 ad
1180 1498 1633 1581 eloquendum,
1671 1495 1775 1560 sed
1810 1495 1949 1561 satis
1986 1498 2111 1559 erit

668 1610 963 1694 intelligi:
993 1612 1055 1674 in
1074 1611 1165 1674 his
1179 1627 1393 1675 autem
1407 1613 1610 1676 tribus
1624 1615 1988 1677 continetur
1999 1633 2112 1676 cu·
2130 1614 2141 1627 ”

666 1743 739 1791 r‘a
766 1728 952 1790 etiam
977 1729 1192 1805 illa,ut
1217 1730 1568 1813 probemur
1594 1728 2107 1813 iis‚quibuscum‚

668 1852 738 1907 et'
760 1836 928 1924 apud
956 1854 1119 1924 quos
1142 1837 1466 1918 vivamus),
1497 1845 1593 1905 his
1618 1866 1878 1929 quoque
1907 1847 1985 1909 de
2010 1867 2113 1908 re-

668 1956 787 2019 bus
810 1976 1007 2037 pauca
1041 1954 1353 2019 dicantur.
1426 1946 1764 2041 principie,
1820 1956 2111 2042 eorporis

669 2070 865 2134 nostri
889 2092 1182 2154 magnam
1212 2083 1440 2133 natura
1467 2067 1584 2153 ipsa
1618 2068 1875 2135 videtur
1907 2065 2129 2144 habu-¹

670 2183 775 2248 isse
798 2186 1137 2261 rationem,
1174 2206 1336 2269 quae
1359 2183 1635 2248 formam
1664 2188 1939 2249 nostram
1966 2188 2115 2250 reli-

671 2320 987 2381 quamque
1009 2300 1307 2382 figuram,
1332 2298 1395 2361 iu
1423 2321 1547 2382 qua
1573 2298 1716 2361 effet
1744 2297 1969 2383 species
1992 2301 2111 2364 ho-

670 2411 866 2487 nesta,
902 2409 1111 2492 posuit
1135 2412 1199 2473 in
1224 2425 1514 2494 promtu:
1550 2432 1708 2494 quae
1733 2425 1945 2474 autem
1969 2433 2113 2494 par-

671 2539 764 2586 tes
783 2519 1094 2605 corporiS,
1121 2524 1199 2586 ad
1216 2540 1475 2586 naturae
1491 2524 1908 2587 neceffitatem
1923 2525 2110 2600 datae,

670 2635 1028 2720 adspectum
1063 2636 1257 2701 effent
1280 2636 1636 2703 deformem
1672 2639 2003 2703 habiturae
2039 2661 2115 2702 ac

671 2742 952 2836 turpem,
987 2773 1084 2814 eas
1110 2754 1394 2815 contexit
1419 2770 1611 2836 atque
1636 2753 1898 2816 abdidit.
1951 2756 2115 2816 hanc

672 2855 936 2929 naturae
966 2879 1096 2928 tam
1132 2866 1502 2950 diligentem
1535 2865 1837 2929 fabricam
1873 2868 2118 2929 imitata

671 2978 759 3040 est
787 2978 1123 3040 hominum
1158 2979 1564 3042 verecundia:
1600 2999 1764 3061 quae
1798 2979 1965 3041 enim
2003 3000 2119 3040 na-

671 3111 819 3157 tura
855 3092 1214 3169 occultavit,
1270 3094 1487 3157 eadem
1525 3110 1770 3172 omnes,
1821 3097 1929 3179 qui
1970 3093 2119 3161 sana

672 3225 885 3276 mente
920 3208 1087 3284 sunt,
1122 3225 1458 3275 removent
1494 3212 1569 3277 ab
1605 3211 1827 3294 oculis,
1876 3213 2117 3300 ipsique

1306 3331 1342 3395 3
