2499 4196
710 371 824 451 198
1090 373 1209 426 nn
1274 373 1730 425 ormena

699 501 930 585 quibus
964 514 1026 563 et
1056 520 1191 563 non
1218 499 1496 564 tribuere
1529 497 1708 583 quod
1733 493 1899 562 reste
1921 495 2123 581 pofflS,

698 627 762 675 et
793 611 1068 676 tribuere
1096 613 1276 695 quod
1311 634 1444 676 non
1471 612 1546 675 fit
1571 633 1874 696 aequum,
1908 629 2124 676 contra

700 722 982 790 officium
1000 726 1110 788 est.
1135 724 1242 789 sed
1255 724 1443 805 hujus
1459 727 1702 810 generis
1722 726 1923 789 totius
1942 726 2125 790 breve

699 847 764 897 et
778 854 912 898 non
933 833 1190 898 difficile
1213 849 1621 920 praeceptum
1643 835 1751 898 est.
1780 856 1945 919 quae
1965 836 2127 898 enim

695 947 999 1011 videntur
1030 949 1234 1025 utilia,
1267 949 1568 1024 henot-ez,
1598 946 1876 1025 divitiae,
1912 948 2131 1031 volup.-

696 1075 875 1136 tates‚
910 1073 1153 1125 caetera
1183 1063 1429 1146 generis
1463 1057 1764 1141 ejusdem,
1797 1062 1955 1125 haec
1984 1060 2134 1123 ami-

698 1171 880 1237 citiae
928 1195 1285 1258 numquam
1338 1174 1782 1256 anteponenda
1835 1170 2023 1237 sunt:
2076 1186 2137 1237 at

699 1306 910 1368 neque
937 1304 1163 1351 contra
1186 1288 1645 1371 rempublicam
1679 1307 1889 1370 neque
1916 1301 2140 1351 contra

690 1384 1141 1474 jusjurandum
1175 1418 1246 1460 ac
1282 1396 1502 1476 fidem,
1550 1398 1736 1461 amici
1770 1397 1995 1477 cauffa,
2044 1400 2141 1463 vir

697 1505 907 1569 bonus
933 1505 1158 1570 faciet:
1191 1528 1273 1570 ne
1307 1507 1354 1569 fi
1379 1508 1583 1590 judex
1617 1508 1877 1592 quidem
1911 1510 2030 1572 erit
2062 1510 2142 1571 de

696 1617 834 1703 ipso
869 1620 1112 1696 amic03
1147 1622 1332 1703 ponit
1367 1623 1538 1685 enim
1574 1620 1898 1706 personam
1926 1622 2135 1692 amici,

699 1754 850 1798 cum
872 1733 1083 1797 induit
1103 1733 1359 1814 judicis.
1394 1748 1638 1799 tantum
1668 1736 1840 1799 dabit
1874 1735 2140 1799 amiciti-

591 1927 606 1940 ·
700 1869 799 1927 ae,
831 1859 908 1911 ut
933 1868 1145 1911 veram
1171 1847 1357 1912 amici
1380 1845 1647 1913 cauffam
1676 1846 1793 1911 effe
1816 1848 2029 1923 malit3
2063 1859 2139 1909 ut

702 1961 976 2026 orandae
1003 1960 1128 2024 litis
1156 1974 1430 2045 tempus,
1467 1962 1681 2045 quoad
1719 1983 1836 2045 per
1869 1962 2040 2045 leges
2069 1960 2145 2022 li-

703 2092 866 2156 ceat,
901 2077 1367 2140 accommodet:
1415 2096 1735 2140 cum-vero
1760 2074 1985 2155 jurato
2011 2072 2146 2139 sen-

700 2192 901 2255 tentia
927 2192 1195 2256 dicenda
1217 2192 1313 2268 fit,
1344 2191 1702 2265 meminerit
1730 2192 1927 2255 deum
1955 2187 2017 2253 se
2040 2190 2146 2253 ad-

699 2303 921 2366 hibere
946 2304 1186 2381 testem,
1222 2305 1288 2367 id
1312 2304 1398 2367 est
1424 2301 1518 2380 (ut
1541 2298 1836 2379 arbitror)
1862 2317 2145 2366 mentem

703 2414 902 2494 fuam,
940 2438 1065 2499 qua
1104 2417 1262 2481 nihil
1307 2417 1557 2481 homini
1590 2417 1767 2480 dedit
1800 2417 1982 2484 Deus
2017 2413 2143 2498 ipse

703 2531 1002 2601 divinius,
1051 2531 1265 2614 itaque
1301 2532 1693 2615 praeclarum
1728 2553 1763 2594 a
1798 2528 2139 2608 majoribus

702 2641 1059 2724 accepimus
1086 2664 1328 2707 morem
1347 2644 1615 2727 rogandi
1630 2642 1877 2723 judicis,
1905 2640 1975 2725 (fi
1991 2660 2140 2703 eum

701 2750 1088 2831 teneremus)
1117 2757 1136 2789 ‘
1161 2777 1321 2839 quae
1348 2755 1510 2820 salva
1534 2756 1658 2819 fide
1682 2753 1888 2819 facere
1915 2753 2140 2838 poffit.'

700 2867 854 2932 haec
880 2868 1132 2951 rogatio
1161 2869 1239 2932 ad
1275 2891 1346 2933 ea
1380 2872 1677 2953 pertinet,
1728 2890 1889 2952 quae
1926 2869 2141 2952 paullo

703 2997 848 3046 ante
894 2983 1027 3045 dixi
1072 2982 1329 3048 honeste
1377 2984 1580 3050 amieo
1632 3007 1669 3049 a
1710 2983 1927 3064 judice
1975 2981 2140 3068 pofl‘e

703 3097 1010 3169 concedi:
1068 3120 1238 3179 nam,
1290 3099 1340 3164 fi
1388 3098 1604 3177 omnia
1653 3097 1947 3165 facienda
1994 3098 2138 3175 fint,
