2499 4196
624 388 903 438 mana
964 389 1488 441 SECUNDUS,
1578 370 1583 371 ⁷
1712 402 1820 462 135

365 532 490 596 que
515 513 688 575 enim
716 515 896 579 aliter
917 512 1061 587 effet
1078 514 1211 594 jus:
1241 516 1306 578 id
1330 516 1374 578 fi
1400 515 1476 579 ab
1499 536 1634 579 uno
1651 514 1818 605 justo

364 643 428 690 et
480 629 658 693 bono
701 629 841 690 viro
878 628 1449 713 consequebantur,
1511 653 1590 695 eo
1638 640 1821 693 erant

364 745 683 809 contenti:
709 767 856 809 cum
885 746 948 811 id
971 748 1179 813 minus
1204 749 1626 830 contingeret,
1653 745 1820 829 leges

367 856 513 919 sunt
537 857 854 934 inventae,
883 878 1046 940 quae
1079 881 1226 922 cum
1253 861 1546 923 omnibus
1577 856 1820 940 semper

365 991 494 1033 una
521 985 715 1054 atque
747 974 969 1034 eadem
998 995 1149 1036 voce
1179 975 1624 1056 loquerentur.
1661 993 1816 1058 ergo

365 1086 492 1148 hoc
520 1085 781 1167 quidem
810 1082 1216 1169 perspicuum
1244 1090 1354 1166 est,
1381 1110 1489 1152 eos
1517 1090 1595 1151 ad
1620 1089 1819 1171 impe-

367 1201 641 1263 randum
665 1200 856 1283 deligi
885 1197 1125 1277 solitos,
1164 1224 1449 1284 quorum
1476 1203 1554 1264 de
1577 1202 1821 1281 justitia

371 1336 597 1398 magna
618 1312 765 1377 esset
795 1315 1017 1397 opinio
1042 1315 1491 1378 multitudinis.
1520 1314 1821 1393 adjuncto

372 1424 550 1505 verb,
585 1444 659 1492 ut
697 1428 888 1490 iidem
922 1429 1110 1491 etiam
1142 1430 1484 1511 prudentes
1515 1431 1819 1493 haberen-

374 1560 497 1613 tur,
536 1542 703 1623 nihil
727 1556 885 1613 erat,
923 1542 1100 1623 quod
1136 1542 1430 1605 homines
1466 1543 1565 1605 his
1602 1516 1819 1606 aucto-

371 1659 545 1722 ribus
568 1680 701 1721 non
728 1656 894 1741 poffe
915 1655 1216 1740 consequi
1241 1657 1300 1721 se
1324 1660 1813 1724 arbitrarentur.

374 1775 548 1838 omni
576 1773 771 1856 igitur
796 1773 1040 1836 ratione
1070 1773 1363 1848 colenda,
1393 1786 1456 1834 et
1485 1773 1819 1835 retinenda

369 1890 612 1970 justitia
645 1892 768 1966 est3
818 1907 955 1952 tum
989 1886 1117 1971 ipsa
1154 1901 1421 1971 propter
1460 1886 1621 1962 sese;
1671 1904 1820 1950 nam

378 2011 559 2070 aliter
578 2008 817 2087 justitia
844 2029 978 2073 non
1008 2003 1188 2067 effet:
1230 2018 1368 2067 tum
1395 2019 1661 2088 propter
1688 2024 1822 2065 am·-

337 2157 343 2164 ·
381 2125 833 2208 plificationem
868 2122 1138 2186 honoris
1174 2137 1234 2182 et
1267 2121 1529 2205 gloriae.
1579 2118 1709 2196 sed,
1744 2132 1820 2182 ut

376 2239 672 2320 pecuniae
702 2259 836 2301 non
864 2239 1263 2321 quaerendae
1289 2235 1489 2300 solum
1520 2237 1679 2301 ratio
1706 2236 1817 2309 est,

376 2353 481 2416 sed
531 2355 727 2417 etiam
773 2353 1203 2428 collocandae,
1263 2374 1424 2435 quae
1474 2368 1818 2437 perpetuos

378 2468 621 2533 sumtus
645 2467 1022 2551 suppeditet,
1053 2489 1168 2532 nec
1195 2464 1401 2532 solum
1426 2467 1818 2542 neceffariOS,

379 2584 482 2646 sed
508 2586 700 2647 etiam
726 2584 1044 2657 liberales;
1079 2582 1160 2645 fic
1190 2584 1394 2665 gloria
1423 2598 1486 2646 et
1508 2604 1822 2666 quaeren-
1890 2581 1895 2586 ’

381 2699 460 2758 da
496 2714 558 2759 et
594 2695 967 2760 collocanda
999 2678 1245 2758 ratione
1280 2696 1390 2758 est.
1430 2717 1823 2779 quamquam

381 2814 697 2895 praeclare
714 2809 1007 2875 Socrates
1047 2813 1062 2841 ‘
1078 2812 1244 2874 hanc
1269 2811 1433 2874 viam
1454 2812 1536 2875 'ad
1558 2813 1823 2896 gloriam

383 2930 404 2961 ‘
440 2928 800 3010 proximam
830 2940 893 2988 et
931 2924 1105 3007 quafi
1140 2926 1695 3006 compendiariam’
1727 2927 1825 2990 di-

384 3047 560 3109 cebat
607 3042 791 3121 ‘effe,
826 3044 873 3106 fi
908 3044 1050 3127 quis
1095 3043 1160 3104 id
1197 3056 1435 3126 ageret,
1470 3057 1570 3117 ut,
1625 3043 1824 3126 qualis

389 3167 406 3195 ⁸
441 3162 660 3227 haberi
694 3162 908 3239 vellet,
936 3161 1077 3224 talis
1106 3156 1299 3224 esset)
1336 3158 1507 3243 quod
1537 3156 1582 3220 fi
1610 3159 1721 3242 qui
1750 3159 1827 3221 fi-
