2499 4196
658 379 772 439 208
1098 383 1220 434 DE
1289 380 1759 436 ornetis

659 505 782 578 thii
839 507 1030 593 pisces
1083 507 1562 586 abjiciebantur.
1643 526 1787 580 tum
1839 508 2103 588 Canius,

659 629 681 658 ⁸
720 623 972 708 quaese,
995 624 1229 706 inquit,
1249 624 1404 706 quid
1429 622 1514 696 est
1536 625 1680 700 hoe,
1693 625 1928 708 Pythi?
1956 640 2103 698 tan-

659 730 681 777 ⁸
717 757 936 806 tumne
972 738 1256 823 piscium,
1292 754 1629 802 tantumne
1656 743 2030 823 cymbarum
2047 739 2100 802 2'
2148 747 2157 758 '

660 872 723 919 et
753 849 878 930 ille,
904 857 925 889 ‘
942 856 1098 937 quid
1118 851 1397 924 mirum?
1422 854 1656 935 inquit,
1673 854 1794 917 hoc
1816 853 1962 917 loco
1984 857 2101 933 est,

659 955 681 1006 ὃ
719 971 1037 1056 Syracufis
1072 970 1389 1052 quidquid
1422 969 1512 1030 est
1558 967 1853 1052 piscium:
1902 970 2005 1031 hic
2036 993 2103 1033 a·

656 1089 679 1125 ‘
719 1091 965 1173 quatio:
990 1090 1110 1150 hac
1130 1087 1277 1148 villa
1298 1087 1393 1147 isti
1413 1108 1625 1149 carere
1648 1107 1776 1150 non
1803 1086 2104 1171 possunt.⁹

661 1205 948 1271 incensus
993 1201 1231 1268 Canius
1284 1204 1629 1286 cupiditate
1676 1206 2013 1267 contendit
2065 1225 2105 1274 a

660 1321 923 1408 Pythie,
958 1336 1034 1385 ut
1059 1322 1384 1384 venderet.
1433 1336 1689 1404 gravate
1726 1322 1828 1386 ille
1864 1321 2101 1404 primo·

662 1443 820 1526 quid
847 1441 1094 1503 multa?
1143 1438 1475 1518 impetrat3
1517 1438 1671 1500 emit
1699 1438 1897 1500 homo
1925 1438 2106 1519 cupic-

661 1557 784 1628 dus
809 1571 873 1618 et
901 1554 1183 1634 locuples
1216 1552 1400 1628 tanti,
1436 1554 1660 1635 quanti
1694 1551 1962 1635 Pythius
1989 1575 2104 1617 vo-

658 1669 816 1745 luit3
839 1685 901 1731 et
920 1667 1075 1731 emit
1103 1666 1470 1728 instructos:
1495 1667 1758 1730 nomina
1783 1665 1961 1741 facit,
1991 1689 2105 1730 ne-

657 1790 913 1873 gotium
948 1783 1233 1849 conficit.
1270 1783 1497 1845 invitat
1530 1783 1765 1846 Canius
1799 1785 2102 1870 postridie

660 1908 1004 1973 familiares
1037 1901 1206 1965 suos:
1254 1902 1428 1963 venit
1464 1899 1588 1984 ipse
1624 1920 1906 1967 maturet
1956 1902 2106 1966 scal-

662 2027 844 2094 inum
869 2020 1120 2088 nullum
1152 2018 1351 2080 videt:
1402 2019 1653 2098 quaerit
1689 2040 1769 2086 ex
1803 2021 2106 2102 proximo

661 2139 893 2213 vicino,
941 2154 1097 2197 num
1139 2130 1333 2195 feriae
1369 2133 1679 2213 quaedam
1721 2133 2108 2216 piscatorum

662 2250 878 2327 estem,
922 2248 1100 2331 quod
1128 2267 1236 2310 eos
1265 2247 1477 2313 nullos
1503 2249 1762 2309 videret.
1816 2252 1838 2284 ‘
1867 2251 2103 2329 nullae,

663 2368 684 2400 ‘
715 2365 927 2450 (quod
952 2355 1216 2434 sciam),'
1262 2361 1471 2444 inquit
1493 2362 1633 2425 ille:
1671 2365 1691 2396 ‘
1717 2361 1822 2426 sed
1849 2366 1956 2439 hic
1984 2363 2107 2448 pis-

667 2474 691 2519 *
720 2484 845 2546 cari
878 2479 1034 2542 nulli
1067 2475 1271 2540 solent
1297 2460 1336 2552 3⁴
1368 2481 1578 2559 itaque
1622 2475 1757 2541 heri
1804 2481 2099 2558 mirabar,

661 2599 684 2632 ‘
720 2597 877 2681 quid
900 2592 1252 2656 accidisset:
1288 2593 1664 2663 stomachari
1687 2594 1946 2660 Canius·
1997 2595 2101 2659 sed

660 2713 821 2797 quid
869 2708 1146 2777 faceret?
1198 2709 1489 2771 nondum
1532 2711 1701 2772 enim
1748 2711 2098 2794 Aquillius,

659 2830 903 2912 collega
935 2842 999 2888 et
1026 2823 1349 2887 familiaris
1385 2848 1589 2903 meuS,
1637 2829 1992 2910 protulerat
2020 2828 2099 2891 de

658 2928 814 3014 dolo
839 2943 1008 3011 malo
1040 2939 1379 3004 formulas:
1415 2943 1479 3004 in
1513 2945 1744 3026 quibus
1777 2946 1919 3029 ipsis
1949 2967 2096 3008 cum

658 3086 738 3126 ex
757 3082 835 3124 eo
856 3077 1246 3143 quaererem,
1266 3058 1422 3139 quid
1438 3057 1582 3121 effet
1605 3061 1828 3122 ‘dolus
1848 3058 2097 3136 malus,'

659 3173 1100 3269 eespondebat,
1131 3174 1152 3207 ‘
1170 3194 1320 3237 cum
1343 3171 1488 3238 effet
1515 3174 1689 3243 aliud
1710 3173 2096 3254 fimulatum,
