2499 4196
598 373 714 431 242
981 359 1101 428 ιη
1167 358 1622 410 orrtctts

599 482 1037 558 Numantinis,
1063 481 1437 566 quibuscum
1464 485 1591 548 fine
1614 481 1864 546 senatus
1889 503 2039 546 auc-

583 599 866 666 toritate
901 595 1134 660 foedus
1167 594 1427 668 fecerat,
1462 597 1821 672 dederetur,
1854 614 2044 677 roga-

603 711 850 772 tionem
899 706 1076 771 suafit
1106 729 1269 783 eam,
1322 730 1514 792 quam
1562 708 1641 773 L.
1676 707 1932 783 FuriuS,
1976 718 2045 768 et

604 819 754 884 Sex.
780 819 1010 883 Atilius
1045 839 1126 882 ex
1150 815 1691 885 senatusconsulto
1714 818 2046 892 ferebant3

605 956 735 1018 qua
758 950 1019 1018 accepto
1044 934 1133 998 est
1161 936 1445 1000 hostibus
1468 937 1735 999 deditus·
1771 935 2051 998 honesti·

606 1067 685 1107 us
709 1047 836 1121 hic,
864 1067 1055 1127 quam
1079 1044 1210 1130 Qa
1239 1045 1602 1129 Pompeiu3‚
1629 1049 1780 1130 qut),
1808 1070 1959 1111 cum
1984 1048 2053 1110 in

608 1158 829 1220 eadem
863 1157 1067 1220 cauffa
1117 1155 1299 1236 efflet,
1342 1161 1739 1243 deprecante,
1798 1176 2057 1243 accepta

608 1277 714 1338 lex
736 1297 864 1336 non
903 1276 1013 1338 est.
1064 1275 1168 1337 hic
1201 1293 1295 1351 ea,
1331 1293 1492 1356 quae
1520 1275 1855 1337 videbatur
1880 1273 2056 1336 utili-

610 1399 729 1461 taS,
756 1384 896 1467 plus
921 1384 1144 1458 valuit,
1175 1401 1370 1466 quam
1399 1386 1720 1448 honestas:
1748 1386 1924 1466 apud
1955 1382 2056 1447 su·

611 1498 894 1578 periores
916 1497 1207 1557 utilitatis
1236 1495 1464 1578 species
1488 1495 1639 1559 falsa
1660 1500 1738 1560 ab
1764 1498 2059 1560 honesta-

614 1608 695 1670 tis
731 1609 1101 1671 auCtoritate
1136 1607 1426 1691 superata
1461 1610 1569 1671 est.
1630 1625 1693 1672 at
1728 1611 1748 1644 ‘
1779 1630 1915 1672 non
1949 1609 2059 1671 de-

618 1726 640 1758 ‘
678 1725 815 1785 buit
850 1731 1061 1785 ratum
1109 1721 1248 1798 effe,
1300 1724 1481 1804 quod
1516 1736 1651 1784 erat
1707 1723 1913 1784 actum
1954 1741 2061 1804 per

617 1842 640 1872 ‘
676 1838 849 1900 vim!
902 1835 1073 1919 quafi
1093 1858 1246 1900 vero
1273 1835 1427 1899 forti
1450 1839 1592 1899 viro
1619 1838 1710 1898 vis
1738 1835 1921 1918 poffit
1952 1836 2063 1897 ad-

617 1949 844 2014 hiberi.
900 1953 919 1980 ‘
944 1969 1061 2010 cur
1083 1949 1279 2031 igitur
1301 1949 1377 2009 ad
1398 1946 1681 2010 senatum
1705 1944 2064 2031 proficisce-

636 2069 654 2093 ‘
683 2064 890 2138 batur,
944 2083 1094 2125 cum·
1126 2058 1489 2144 praesertim
1526 2061 1605 2122 de
1653 2061 1909 2143 captivis
1944 2055 2065 2122 dis-

634 2181 654 2207 ‘
687 2174 976 2238 suasurus
1023 2174 1168 2238 esset
1189 2174 1237 2237 3‘
1288 2175 1465 2256 quod
1500 2174 1852 2235 maximum
1888 2175 1954 2235 in
1989 2193 2067 2235 eo

622 2289 735 2363 est,
766 2289 830 2347 id
853 2285 1342 2367 reprehenditis:
1377 2305 1508 2347 non
1545 2285 1714 2345 enim
1752 2281 1867 2346 suo
1894 2284 2071 2363 judi-

625 2401 726 2462 cio
753 2400 942 2475 stetit,
970 2397 1071 2461 sed
1101 2396 1363 2480 suscepit
1386 2395 1677 2473 cauffim,
1698 2409 1773 2459 ut
1802 2395 1948 2458 effet
1967 2395 2069 2475 ju-

626 2513 863 2573 dicium
886 2508 1166 2585 senatus;
1194 2511 1298 2572 cui
1316 2507 1426 2571 nist
1451 2508 1574 2592 ipse
1596 2510 1811 2571 auster
1833 2507 2067 2585 fuiffet,

625 2622 856 2702 captivi
884 2620 1428 2702 profesto'Poenis
1458 2621 1691 2682 redditi
1728 2619 1948 2683 effent:
1985 2622 2073 2684 ita

627 2735 967 2795 incolumis
1017 2735 1082 2794 in
1129 2733 1351 2815 patria«
1391 2730 1674 2816 Regulus
1720 2732 2071 2796 restitiffet:

631 2845 810 2925 quod
850 2845 997 2925 quia
1032 2845 1263 2926 patriae
1298 2864 1431 2906 non
1475 2844 1632 2905 utile
1669 2844 1937 2926 putavit,
1978 2845 2076 2904 id-

633 2959 807 3020 circo
843 2958 948 3020 fibi
984 2959 1321 3020 honestum
1357 2972 1420 3019 et
1457 2955 1685 3019 sentire
1722 2956 1820 3018 3112
1853 2972 1914 3018 et
1943 2958 2076 3038 pati

633 3070 926 3134 credidit.
977 3089 1118 3133 nam
1160 3068 1337 3152 quod
1373 3069 1577 3147 aiunt,
1624 3069 1645 3105 ‘
1675 3067 1853 3151 quo'd
1886 3068 2072 3130 valde
