2499 4196
668 437 775 498 172
1058 427 1177 496 DE
1238 426 1700 479 OFFICUS

663 550 773 615 do.
821 552 1071 630 vellem,
1115 552 1300 616 nobis
1333 553 1463 617 hoc
1496 553 1667 622 idem
1713 574 1861 619 vere
1901 553 2113 620 dicere

663 670 904 736 liceret.
941 668 1044 734 sed
1066 669 1112 732 fi
1136 668 1348 733 minus
1371 669 1724 735 imitatione
1746 684 1992 735 tantam
2014 670 2118 733 in-

666 787 836 870 genii
898 784 1340 870 praestantiam
1396 783 1700 868 consequi
1762 782 2113 870 possumne,

666 904 997 967 voluntate
1026 916 1197 967 certe
1223 903 1517 987 progime
1545 903 1933 965 accedimus:
1963 875 2113 989 nam

667 1032 732 1094 et
766 1041 802 1082 a
833 1019 1153 1103 republica
1188 1017 1669 1102 forensibusque
1704 1021 1979 1106 negotiis
2013 1039 2113 1084 ar-

669 1137 788 1198 mis
822 1136 1028 1219 impiis
1062 1135 1253 1219 vique
1288 1135 1616 1218 prohibiti,
1652 1136 1865 1199 otium
1911 1106 2117 1220 perse-

671 1253 969 1334 quimur3
1006 1267 1069 1314 et
1098 1254 1184 1316 ob
1212 1274 1348 1315 eam
1374 1251 1666 1325 cauffam,
1695 1253 1856 1316 urbe
1881 1252 2115 1330 relissa,

670 1389 819 1440 rura
845 1381 1242 1450 peragrantes
1266 1366 1443 1450 saepe
1467 1364 1583 1430 soli
1604 1365 1837 1431 sumus-
1874 1365 1981 1430 sed
2002 1388 2116 1430 nee

671 1483 881 1545 otium
908 1484 1034 1545 hoe
1080 1504 1226 1544 cum
1264 1481 1557 1545 Africani
1600 1483 1762 1561 etin,
1811 1504 1929 1546 nee
1964 1484 2118 1572 haee

669 1596 949 1661 solitudo
985 1619 1132 1661 cum
1168 1599 1273 1661 illa
1312 1599 1738 1683 comparanda
1763 1600 1884 1663 est=
1922 1601 2028 1663 ille
2056 1571 2118 1665 ei·

670 1715 807 1808 nim
841 1713 1234 1799 requiescens
1272 1737 1309 1778 a
1341 1718 1723 1800 reipublicae
1758 1717 2119 1800 pulcherrif

671 1831 792 1903 mis
837 1832 1210 1896 muneribus
1266 1833 1477 1895 otium
1528 1832 1640 1894 fibi
1693 1829 1972 1896 sumebat
2006 1809 2119 1922 alil·

673 1948 962 2030 quand0‚
986 1962 1050 2011 et
1076 1971 1111 2011 a
1135 1962 1322 2012 coetu
1356 1949 1699 2012 hominum
1721 1947 2120 2034 frequentia,

672 2084 799 2147 que
827 2064 1180 2145 interdum,
1215 2082 1542 2150 tamquam
1564 2049 1629 2129 in
1655 2080 1944 2151 portum,
1972 2065 2031 2134 se
2055 2068 2123 2151 in

671 2158 1078 2247 solitudinem
1122 2184 1509 2267 recipiebat:
1561 2184 1854 2249 nostrum
1906 2169 2123 2249 autern

673 2304 884 2367 otium
925 2301 1166 2388 negotii
1206 2301 1448 2387 inopia,
1503 2322 1638 2364 non
1691 2298 2125 2384 requiescendi

672 2419 908 2509 studio,
928 2394 1351 2514 constitutum
1373 2418 1491 2484 est:
1513 2418 1820 2483 exstineto
1839 2418 2010 2485 enim
2036 2394 2124 2512 sef-

674 2553 826 2603 natu
859 2536 1200 2620 deletisque
1239 2535 1522 2617 judiciis,
1578 2535 1736 2620 quid
1770 2535 1882 2613 est,
1940 2534 2122 2617 quod

675 2655 944 2738 dignum
999 2654 1183 2719 nobis
1229 2667 1341 2717 aut
1386 2654 1453 2716 in
1510 2652 1686 2716 curia
1720 2664 1831 2716 aut
1867 2652 1932 2713 in
1966 2631 2121 2713 foro

675 2742 858 2854 agere
886 2767 1219 2852 poffimus?
1278 2769 1392 2844 ita,
1428 2768 1542 2851 qui
1569 2768 1635 2845 in
1657 2765 1933 2829 maxima
1962 2766 2122 2828 cele·

670 2863 896 2949 britate
943 2898 1135 2968 atque
1172 2884 1238 2946 in
1275 2884 1474 2948 oculis
1520 2883 1753 2948 civium
1791 2884 2122 2967 quondam

671 3003 970 3079 viximus,
1007 3022 1180 3066 nune
1215 2999 1535 3087 fugientes
1564 2986 2123 3085 conspeetum'scess

671 3117 1047 3200 let-aterum,
1083 3119 1315 3203 quibus
1343 3118 1559 3181 omnia
1590 3117 1982 3195 redundant,
2014 3118 2125 3181 ab·

674 3220 883 3331 §limus
917 3257 1061 3314 nos,
1119 3248 1437 3321 quantum
1468 3233 1643 3313 licet,
1698 3247 1762 3300 et
1798 3229 1973 3331 saepe
2006 3229 2123 3341 soli
