2499 4196
735 436 814 501 9⁴
1161 428 1283 491 uz
1344 429 1798 483 orrtcus

734 553 951 631 omnia
983 552 1103 619 fint
1138 567 1283 638 apta
1316 553 1480 621 inter
1512 554 1572 620 se
1599 570 1663 620 et
1697 554 2152 632 convenientia.

736 679 928 752 turpe
961 669 1048 732 est
1086 669 1256 737 enim
1290 669 1594 753 valdeque
1628 670 1951 749 vitiosum,
1995 675 2063 737 in
2087 696 2157 739 re

735 780 938 848 severa
993 784 1283 849 convivio
1328 787 1614 870 dignum,
1664 803 1771 854 aut
1819 790 2159 858 delicatum
2230 864 2233 867 ,

728 894 999 975 aliquem
1055 891 1294 959 inferre
1344 894 1713 962 sermonem.
1783 903 1942 967 bene
1982 905 2159 968 Peri-

724 1004 873 1081 cles,
910 1024 1059 1067 cum
1105 1006 1364 1070 haberet
1417 1012 1722 1095 collegam
1754 1014 1823 1076 in
1860 1030 2158 1098 praetura

721 1112 1116 1197 Sophoclem
1150 1132 1429 1201 poetam,
1480 1123 1675 1205 hique
1711 1124 1791 1189 de
1825 1126 2157 1194 communi

719 1226 940 1299 officio
999 1228 1450 1307 conveniffent,
1519 1250 1580 1296 et
1636 1234 1776 1299 casu
1831 1236 2156 1305 formosus

721 1361 883 1423 puer
918 1343 1316 1422 praeteriret,
1367 1339 1735 1426 dixiffetque
1772 1346 2152 1440 Sophocles,

721 1461 742 1489 ‘
798 1456 860 1521 Ο
887 1478 1158 1542 puerum
1188 1459 1551 1540 pulchrum,
1578 1460 1846 1530 Pericle!
1889 1479 1955 1528 at
1981 1468 2153 1535 enim

715 1574 741 1608 ‘
790 1590 1177 1657 praetorem,
1206 1575 1546 1659 Sophocle,
1573 1580 1752 1646 decet
1783 1604 1917 1649 non
1942 1580 2153 1651 solum

713 1692 734 1721 ⁸
782 1710 1035 1766 manuS,
1094 1687 1199 1755 sed
1249 1690 1440 1752 etiam
1497 1693 1718 1757 oculos
1775 1694 2150 1767 abstinentes

717 1807 738 1836 ⁸
790 1806 1062 1869 habere.'
1140 1808 1320 1889 atqui
1355 1809 1481 1875 hoc
1516 1809 1684 1872 idem
1719 1809 2073 1894 Sophocles
2094 1813 2145 1888 fi

714 1920 782 1985 in
810 1924 1185 1989 athletarum
1199 1925 1569 2005 probatione
1589 1925 1854 2006 dixifl‘et,
1859 1926 2024 2006 justa
2042 1950 2149 1995 rez-

713 2035 1129 2118 prehenfione
1159 2034 1472 2101 caruisset:
1506 2052 1679 2112 tanta
1704 2039 1794 2102 vis
1821 2039 1908 2112 est
1931 2053 1994 2104 et
2015 2041 2146 2110 loci

709 2160 773 2210 et
810 2148 1137 2232 temporis,
1171 2165 1270 2226 ut,
1304 2149 1348 2210 fi
1377 2151 1542 2233 quis,
1578 2173 1726 2218 cum
1761 2150 2029 2215 cauffam
2062 2153 2142 2220 fit

706 2261 982 2339 asturus,
999 2263 1085 2343 ⁸in
1114 2264 1339 2330 itinere
1374 2280 1480 2336 aut
1507 2265 1573 2327 in
1601 2264 2025 2344 ambulatione
2045 2264 2141 2346 se-

705 2393 854 2437 eum
889 2371 1012 2457 ipse
1046 2377 1414 2453 meditetur,
1448 2393 1559 2441 aut
1581 2376 1628 2446 fi
1656 2376 1811 2459 quid
1842 2378 2012 2446 aliud
2042 2393 2145 2462 ats-L

701 2490 944 2561 tentius
985 2492 1246 2574 cogitet,
1299 2511 1433 2556 non
1485 2494 2019 2576 reprehendatur:
2064 2508 2134 2569 at

696 2599 825 2672 hoc
850 2601 1016 2663 idem
1036 2601 1081 2662 fi
1100 2604 1165 2665 in
1189 2604 1482 2666 convivio
1506 2604 2125 2692 faciat‚5inhumanus

698 2709 991 2786 videatur
1025 2711 1262 2776 inscitia
1297 2717 1618 2798 temporis.
1695 2703 1933 2806 sedfea,
1966 2739 2129 2802 quae

697 2825 976 2900 multum
1009 2826 1085 2888 ab
1120 2828 1517 2892 humanitate
1548 2815 1924 2912 discrepant}
1976 2845 2056 2898 ut
2078 2831 2141 2900 fi.

696 2940 838 3023 quis
864 2936 1108 3016 infore
1157 2955 1393 3017 cantet,
1444 2957 1551 3007 aut
1598 2943 1646 3006 fi
1686 2964 1822 3027 equa
1873 2944 1961 3009 est
2006 2946 2145 3014 alia·

692 3043 921 3134 magna
955 3055 1357 3143 perverfitas,
1402 3055 1583 3121 facile
1634 3070 1959 3142 apparent,
1982 3119 1985 3122 .
2008 3067 2136 3140 nee,

686 3183 1067 3253 magnopere
1113 3169 1613 3252 admonitionem
1662 3185 1725 3237 et
1769 3188 2137 3262 praeceptas
