2499 4196
722 420 798 477 80
1117 422 1232 470 DE
1294 418 1742 468 oFFtctls

716 550 893 612 ribus
928 548 1224 610 aetatibus
1269 547 1664 620 tribuuntur,
1717 542 1958 627 aliaque
1995 541 2145 606 sunt

711 666 1044 745 juvenum,
1072 665 1187 727 alia
1210 662 1559 738 seniorum;
1590 661 1827 746 aliquid
1849 662 2038 722 etiam
2061 660 2143 720 de

716 784 836 844 hac
873 779 1265 843 distinctione
1298 780 1635 841 dicendum
1671 781 1780 841 est.
1832 778 1918 841 est
1943 779 2142 859 igitur

715 894 1122 961 adolescentis
1160 896 1422 975 majores
1466 912 1621 960 natu
1655 896 1881 969 vereri,
1930 913 2136 973 exque

713 1013 810 1074 his
824 1010 1093 1094 deligere
1110 1012 1386 1093 optimos
1400 1028 1457 1073 et
1474 1012 1951 1094 probatiffimos„
1973 1029 2136 1090 quo-

710 1145 857 1186 rum
879 1122 1138 1186 consilio
1165 1136 1355 1205 atque
1367 1123 1734 1185 auctoritate
1749 1124 2014 1184 nitatur:
2041 1121 2137 1181 in-

712 1235 920 1300 euntis
948 1237 1116 1299 enim
1151 1239 1362 1299 aetatis
1397 1234 1633 1298 inscitia
1666 1235 1881 1298 senum
1907 1232 2136 1296 consti-

711 1355 950 1416 tuenda
971 1365 1035 1413 et
1056 1352 1328 1433 regenda
1350 1349 1683 1432 prudentia
1705 1349 1812 1410 est.
1861 1346 2133 1408 maxime

710 1482 918 1529 autem
944 1467 1095 1527 haec
1119 1480 1285 1527 aetas
1308 1485 1345 1526 a
1361 1465 1718 1526 libidinibus
1741 1464 2005 1526 arcenda
2023 1462 2132 1537 est,

706 1579 1180 1660 exercendaque
1220 1580 1286 1640 in
1321 1580 1557 1656 labore,
1611 1580 2030 1662 patientiaque
2069 1595 2132 1639 et

707 1693 897 1753 animi
924 1707 984 1753 et
1007 1693 1328 1774 corporis;
1362 1706 1437 1755 ut
1464 1714 1687 1756 eorum
1717 1707 1778 1754 et
1809 1693 1873 1753 in
1900 1690 2130 1752 bellicis

706 1818 768 1865 et
797 1804 860 1865 in
896 1804 1178 1869 civilibus
1203 1804 1425 1866 officiis
1453 1805 1655 1888 vigeat
1692 1805 2010 1867 industria.
2040 1819 2132 1864 at-

709 1942 832 2003 que
860 1921 1070 1996 etiam,
1106 1943 1251 1983 cum
1278 1921 1557 1984 relaxare
1593 1921 1856 1997 animm,
1891 1935 1953 1982 et
1977 1920 2127 1979 dare

706 2035 766 2097 se
811 2035 1193 2114 jucunditati
1226 2034 1467 2112 volent,
1519 2048 1775 2096 caveant
1822 2036 2130 2115 intempe-

703 2150 999 2224 rantiam,
1036 2148 1435 2210 meminerint
1470 2146 1908 2208 verecundiae:
1951 2147 2127 2227 quod

704 2263 823 2325 erit
848 2261 1115 2339 faciliuS‚
1150 2263 1194 2322 fi
1229 2263 1294 2323 in
1326 2260 1627 2341 ejusmodi
1658 2259 1910 2341 quidem
1938 2260 2128 2320 rebus

703 2374 968 2453 majores
996 2391 1150 2438 natu
1176 2375 1370 2438 velint
1391 2372 1693 2437 interefi'e.
1747 2371 1989 2435 senibus
2014 2394 2128 2434 au-

703 2508 830 2555 tem
853 2493 1091 2553 labores
1127 2493 1405 2574 corporis
1442 2491 1786 2564 minuendi,
1824 2490 2127 2551 exercita-

702 2611 906 2670 tiones
949 2609 1141 2668 animi
1187 2608 1375 2672 etiam
1434 2605 1751 2688 augendae
1799 2607 2126 2668 videntur:

702 2720 905 2782 danda
931 2740 1084 2781 vero
1112 2738 1321 2801 opera,
1372 2734 1444 2779 ut
1476 2734 1535 2778 et
1562 2716 1791 2778 amicos
1819 2733 1879 2777 et
1899 2715 2128 2794 juven-

698 2848 923 2904 tutem,
974 2846 1036 2894 et
1074 2833 1343 2894 maxime
1377 2832 1827 2912 rempublicam
1866 2828 2127 2891 confilio

699 2965 760 3008 et
806 2945 1139 3029 prudentia
1187 2966 1377 3028 quam
1427 2945 1765 3026 plurimum
1801 2943 2122 3021 adjuvent.

697 3059 858 3120 nihil
880 3071 1089 3120 autem
1114 3057 1308 3140 magis
1333 3055 1676 3118 cavendum
1695 3056 1782 3117 est
1802 3053 2127 3138 senectuti,

698 3192 887 3255 quam
930 3192 1007 3232 ne
1053 3169 1337 3256 languori
1378 3167 1437 3232 se
1474 3169 1864 3253 desidiaeque
1912 3169 2124 3232 dedat.
