2499 4196
623 348 741 412 ,τιό
979 354 1683 404 ‘Dssorrtclls

625 501 746 544 nec
768 501 923 544 vero
946 478 1010 542 in
1039 479 1309 562 praediis
1334 475 1540 541 solum
1560 474 1665 557 jus
1688 478 1889 556 civile,
1915 480 2076 544 duc·-

629 612 774 658 tum
796 619 832 658 a
866 609 1118 669 natura,
1139 593 1447 655 malitiam
1481 590 1906 675 fraudemque
1931 596 2071 657 vin·

628 711 837 784 dicat;
871 706 979 771 sed
1000 709 1187 769 etiam
1216 707 1282 767 in
1308 704 1775 788 mancipiorum
1802 711 2076 773 venditi-

631 842 757 887 one
805 818 979 883 fraus
1013 818 1363 879 venditoris
1408 818 1616 881 omnis
1664 823 2076 885 excluditur:

629 932 745 1017 qui
778 932 950 995 enim
984 927 1138 992 scire
1175 928 1396 991 debuit
1422 929 1502 991 de
1538 925 1825 1009 sanitate,
1853 932 1934 995 de
1971 931 2079 996 fu—

635 1069 737 1130 ga,
753 1046 830 1110 de
846 1043 1059 1119 furtis,
1077 1041 1343 1126 praestat
1360 1042 1565 1104 edicio
1594 1043 1938 1109 Aedilium.
1967 1047 2083 1109 he·

630 1158 865 1222 redum
892 1155 1008 1220 alia
1033 1151 1234 1216 cauffa
1256 1151 1362 1218 cst.
1414 1175 1495 1216 ex
1523 1176 1658 1238 quo
1686 1158 2081 1241 intelligitur,

629 1270 946 1354 quoniam
964 1265 1125 1346 juris
1150 1280 1378 1328 natura
1403 1264 1551 1329 fons
1579 1267 1678 1342 fit,
1708 1269 1834 1331 hoc
1863 1266 2083 1333 secun-

629 1386 797 1448 dum
818 1398 1109 1446 naturam
1136 1378 1279 1456 effe,
1316 1381 1637 1444 neminem
1667 1384 1731 1444 id
1761 1404 1969 1466 agere,
2005 1398 2083 1448 ut

633 1518 718 1561 ex
742 1494 997 1559 alterius
1023 1491 1367 1574 praedetur
1394 1491 1754 1557 inscientia:
1802 1515 1916 1557 nec
1952 1497 2082 1561 ulla

637 1608 946 1693 pernicies
969 1606 1126 1667 vitae
1142 1604 1349 1684 major
1365 1606 1636 1668 inveniri
1656 1607 2082 1689 potest,quam

634 1722 705 1790 in
732 1719 969 1784 malitia
988 1716 1300 1781 fimulatio
1326 1718 1810 1802 intelligentiae:
1839 1740 1920 1781 ex
1948 1740 2084 1801 quo

633 1832 753 1898 ista
771 1827 1252 1894 innumerabilia
1266 1825 1637 1907 nascuntur,
1648 1844 1721 1895 ut
1737 1831 1921 1894 utilia
1934 1852 2084 1894 cum

635 1945 919 2010 honestis
945 1961 1230 2027 pugnare
1252 1942 1617 2007 videantur:
1646 1958 1886 2029 quotus
1916 1942 2091 2007 enim

637 2055 901 2144 quisque
928 2056 1311 2141 reperietur,
1335 2055 1470 2138 qui,
1499 2057 1879 2140 impunitate
1901 2070 1965 2120 et
1995 2055 2089 2140 ig..

638 2172 979 2238 noratione
1025 2171 1320 2233 omnium
1364 2172 1707 2255 propofita,
1769 2172 2079 2235 abstinere

640 2288 826 2373 poffit
855 2282 1123 2365 injuria?
1224 2284 1748 2362 Periclitemur‚fi
1771 2285 1994 2368 placet,
2012 2283 2079 2347 in
2117 2288 2174 2331 ¹⁸

641 2400 714 2462 iis
732 2400 992 2483 quidem
1012 2399 1337 2479 exemplis,
1351 2396 1416 2460 in
1436 2398 1663 2479 quibus
1677 2399 1919 2482 peccari
1933 2396 2072 2459 vul-

639 2534 759 2596 gus
784 2510 1120 2574 hominum
1149 2506 1405 2571 fortasse
1441 2530 1575 2573 non
1615 2523 1819 2593 putat.
1872 2529 2087 2591 neque

640 2624 812 2686 enim
847 2622 924 2682 de
948 2619 1202 2695 ficariis,
1225 2619 1544 2698 veneficis,
1589 2618 2089 2696 testamentariis,

640 2736 928 2810 furibus,'
951 2732 1422 2816 peculatoribus
1456 2734 1581 2797 hoc
1617 2735 1765 2799 loco
1794 2733 2095 2799 differen-

639 2851 800 2913 dum
823 2846 945 2922 est;
984 2846 1096 2927 qui
1131 2865 1266 2907 non
1292 2846 1497 2907 verbis
1533 2843 1677 2909 sunt
1713 2860 1776 2909 et
1806 2843 2085 2931 disputa·

642 2963 818 3024 tione
848 2954 1407 3044 philosophorum,
1435 2955 1539 3020 sed
1567 2959 1836 3023 vinculis
1866 2975 1927 3022 et
1950 2982 2090 3022 car..

644 3096 786 3138 cere
841 3070 1172 3160 fatigandi:
1228 3069 1335 3137 sed
1385 3072 1539 3139 haec
1589 3071 2085 3147 confideremuS,
