2499 4196
744 409 1046 458 LIBER
1111 406 1523 455 patmus.
1765 416 1838 479 73

374 526 386 540 ⁶
414 533 556 614 jure
593 532 834 618 optimo
874 533 1280 605 irrideamur3
1334 532 1413 593 fic
1456 530 1523 593 in
1570 529 1840 596 afiiones

421 670 799 731 omnemque
839 649 1031 709 vitam
1080 647 1317 708 nullam
1363 643 1841 729 discrepantiam

418 763 709 827 conferre
747 763 1063 824 debemuS.
1117 775 1305 842 atque
1344 760 1495 822 haec
1543 760 1842 822 differen-

416 885 498 945 tia
525 898 896 945 naturarum
924 894 1162 941 tantam
1186 877 1370 939 habet
1399 877 1547 951 vim,
1577 894 1649 939 ut
1672 899 1838 939 non-

412 1018 544 1058 nun
554 1009 741 1077 quam
755 1007 1021 1055 mortem
1034 993 1140 1053 fibi
1153 990 1275 1075 ipse
1289 988 1659 1054 consciscere
1677 994 1833 1056 alius

413 1109 662 1182 debeat,
713 1107 866 1169 alius
893 1106 956 1168 in
978 1107 1192 1167 eadem
1215 1103 1412 1168 cauffa
1436 1126 1565 1167 non
1588 1108 1830 1170 debeat.

411 1247 569 1286 num
604 1225 771 1284 enim
800 1225 915 1285 alia
939 1224 1005 1284 in
1040 1221 1238 1284 cauffa
1266 1221 1359 1282 M.
1396 1220 1556 1283 Cato
1582 1222 1730 1300 fuit,
1767 1247 1832 1286 a-

405 1339 489 1400 lia
516 1340 762 1410 caeteri,
800 1339 909 1421 qui
937 1337 994 1401 se
1019 1341 1082 1400 in
1113 1336 1342 1399 Africa
1368 1333 1609 1398 Caesari
1637 1338 1830 1399 tradi-

405 1455 637 1517 derunt
665 1453 689 1516 ?
752 1454 929 1534 atqui
965 1454 1218 1516 caeteris
1253 1450 1515 1514 forfitan
1542 1451 1694 1515 vitio
1719 1453 1827 1515 da-

405 1582 541 1629 tum
577 1565 747 1644 effet,
799 1567 843 1628 fi
879 1565 937 1629 se
973 1564 1440 1642 interemiffent,
1489 1580 1825 1648 propterea

402 1681 574 1760 quod
604 1701 828 1742 eorum
851 1682 976 1743 vita
1001 1682 1226 1755 lenior,
1255 1695 1315 1742 et
1336 1701 1542 1742 mores
1565 1680 1823 1744 fucrant

398 1789 707 1854 faciliores
727 1816 741 1855 :
762 1791 988 1855 Catoni
1008 1808 1217 1856 autem
1233 1815 1379 1854 cum
1396 1792 1820 1857 incredibilem

397 1902 694 1966 tribuiffet
725 1921 950 1966 natura
977 1906 1371 1987 gravitatem,
1407 1925 1671 1986 eamque
1699 1905 1819 1987 ipse

395 2034 695 2101 perpetua
720 2017 1062 2082 constantia
1088 2016 1518 2092 roboravisset,
1555 2015 1819 2100 semper-

394 2156 516 2215 que
541 2134 603 2195 in
625 2132 950 2216 propofito
972 2130 1381 2214 susceptoque
1404 2131 1660 2193 consilio
1677 2152 1817 2215 per-

392 2246 713 2324 manfiffet,
735 2248 1137 2309 moriendum
1149 2248 1386 2330 potiuS‚
1403 2269 1591 2329 quam
1606 2262 1818 2330 tyran-

390 2362 456 2422 ni
483 2363 694 2423 vultus
723 2357 1154 2443 adspiciendus
1189 2358 1337 2422 fuit.
1391 2383 1580 2443 quam
1616 2365 1815 2426 multa

387 2476 585 2558 paffus
614 2477 699 2539 est
723 2475 963 2558 Ulyffes
994 2477 1059 2538 in
1096 2477 1200 2538 illo
1228 2498 1445 2539 errore
1472 2478 1812 2554 diuturn0‚

386 2614 531 2653 cum
555 2609 615 2653 et
632 2590 996 2654 mulieribus
1012 2592 1081 2673 (fi
1100 2592 1281 2655 Circe
1305 2607 1363 2654 et
1383 2591 1649 2676 Calypso
1669 2618 1812 2657 mu-

381 2708 562 2769 lieres
581 2708 976 2791 appellandae
994 2704 1577 2786 sunt)inserviret‚et
1594 2711 1655 2772 in
1672 2732 1811 2772 om-

381 2822 447 2882 ni
483 2820 763 2883 sermone
800 2822 1091 2884 omnibus
1132 2822 1443 2885 affabilem
1484 2838 1545 2886 et
1574 2808 1809 2903 jucun-*-

382 2936 534 2997 dum
561 2933 616 2997 se
640 2933 752 2996 effe
778 2933 1006 2997 vellet?
1059 2935 1231 2997 domi
1261 2956 1405 2997 vero
1442 2937 1625 2999 etiam
1653 2960 1808 3001 con-

381 3060 450 3108 tu
459 3048 666 3108 melias
680 3044 1003 3110 servorum
1017 3049 1511 3130 ancillarumque
1523 3052 1804 3130 pertulit,

379 3176 450 3223 ut
475 3161 553 3227 ad
577 3161 638 3225 id
656 3163 1022 3246 aliquande,
1048 3166 1225 3243 quod
1247 3165 1556 3248 cupiebat,
1586 3188 1803 3251 perve-

1052 3262 1115 3326 K
