2499 4196
702 394 813 476 148
1139 400 1248 456 nn
1310 399 1722 455 ornent

689 528 842 615 flem
872 529 1015 596 Scio
1042 532 1197 594 vitio
1223 530 1446 594 datum
1474 531 1587 607 cst,
1625 529 1802 613 quod
1823 529 1887 591 in
1917 510 2136 597 caritas·

696 658 763 710 te
807 646 1096 707 annonae
1138 642 1258 705 affe
1300 644 1593 706 modium
1638 644 1883 727 populo
1919 643 2132 706 dedit=

698 778 923 841 magna
956 757 1120 820 enim
1155 756 1212 819 se
1243 770 1307 819 et
1350 757 1692 821 inveterata
1726 757 1984 833 invidia,
2018 764 2140 819 ne'c

698 871 875 952 turpi
920 869 1188 949 jaftura,
1247 872 1507 952 quando
1551 885 1684 934 erat
1731 872 1976 950 aedilis,
2020 849 2141 935 net:

699 985 976 1077 maxima
1000 984 1313 1048 liberavit.
1350 983 1452 1047 sed
1481 985 1716 1049 honori
1748 983 2000 1047 summo
2020 1004 2144 1059 nu7

698 1118 816 1180 per
849 1097 1069 1161 nostro
1105 1096 1338 1160 Miloni
1370 1094 1521 1173 fuit,
1567 1097 1745 1179 quod
1778 1080 2146 1179 gladiatori-

701 1208 825 1279 bus
858 1216 1042 1279 emtis
1076 1214 1455 1296 reipublicae
1490 1211 1713 1286 cauffa,
1755 1231 1923 1294 quae
1957 1208 2148 1307 salute

706 1333 923 1419 nostra
949 1332 1414 1402 continebatur,
1443 1348 1665 1391 omnes
1697 1325 1772 1388 P.
1799 1323 2016 1389 Clodii
2044 1343 2152 1386 co·

705 1463 897 1511 natus
919 1443 1298 1527 furoresque
1319 1428 1701 1525 compreffit.
1729 1418 1933 1502 cauffa
1954 1437 2155 1533 igitur

702 1536 1062 1646 largitionis
1085 1561 1195 1637 est,
1219 1558 1266 1619 fi
1289 1538 1399 1620 aut
1424 1555 1661 1619 neceffe
1687 1555 1796 1632 est,
1824 1567 1938 1617 aut
1962 1552 2154 1617 utiles

707 1678 777 1740 in
825 1676 922 1740 his
971 1689 1184 1737 autem
1233 1672 1374 1756 ipfis
1429 1648 1884 1733 mediocritatia
1933 1664 2155 1750 regula

710 1793 954 1879 nptima
975 1788 1082 1851 est.
1119 1785 1196 1848 L.
1216 1785 1476 1870 quidem
1500 1782 1831 1866 Philippus
1853 1776 2178 1870 Qfiliu8,‘

710 1926 946 1989 magno
982 1903 1081 1965 vir
1116 1901 1373 1986 ingenio
1410 1900 1475 1960 in
1523 1896 1867 1982 primisque
1921 1895 2151 1967 claruS,

713 2019 972 2106 gloriari
1001 2015 1257 2087 solebat,
1287 2012 1345 2114 se
1368 2014 1495 2079 fine
1521 2012 1649 2076 ullo
1671 2030 1938 2074 munere
1962 2009 2151 2091 adep·

711 2156 855 2201 tum
882 2132 998 2197 esse
1026 2131 1265 2204 omnia,
1302 2111 1462 2211 quae
1489 2128 1878 2191 haberentur
1904 2118 2153 2208 amplif-

710 2255 882 2316 fima.
927 2251 1172 2313 dicebat
1202 2246 1368 2309 idem
1401 2243 1478 2307 C.
1500 2227 1726 2306 Curio.
1773 2239 1958 2303 nobis
1993 2256 2154 2322 quo·-

714 2388 841 2450 que
888 2364 1036 2464 licet
1079 2363 1142 2424 in
1178 2361 1306 2422 hoc
1342 2335 1827 2454 quodammodo
1860 2349 2149 2436 gloriari:

712 2502 864 2568 nam
914 2496 1030 2560 pro
1085 2467 1506 2554 amplitudine
1564 2468 1918 2539 honorum,
1990 2485 2149 2548 quos

716 2592 955 2662 cunetis
971 2584 1278 2668 suffragiis
1300 2580 1507 2663 adepti
1534 2576 1749 2677 sumus
1771 2578 1993 2640 nostro
2014 2575 2152 2659 qui-

712 2709 860 2769 dem
893 2720 1089 2776 anun,
1126 2696 1308 2780 quod
1333 2692 1603 2775 contigit
1630 2710 1859 2753 eorum
1893 2686 2149 2790 nemini,

717 2837 882 2903 quos
906 2812 1102 2876 modo
1122 2805 1481 2880 nominavi,
1476 2800 1626 2866 sane
1643 2791 1903 2885 exiguus
1896 2777 2150 2868 sumtus

710 2929 1052 2998 aedilitatis
1078 2924 1220 2988 fuit.
1257 2939 1449 3004 atque
1470 2919 1658 2981 etiam
1687 2916 1826 2978 illae
1845 2911 2149 3020 impensae

720 3023 1046 3116 ineliores3
1072 3036 1265 3112 muri,
1288 3031 1551 3109 navalia,
1574 3045 1827 3115 portus,
1847 3043 2151 3124 aquarunt

720 3147 972 3259 fluetus,
1009 3150 1346 3232 omniaque
1381 3163 1544 3231 quae
1571 3140 1653 3206 ad
1685 3138 1874 3207 usum
1904 3139 2154 3226 reipub-
