2499 4196
765 430 1467 481 anER<PR1Mus
1745 444 1828 504 45

407 556 815 640 quamobrem
832 570 892 618 et
916 558 1066 618 haec
1083 557 1355 618 videnda
1371 555 1538 631 sunt,
1561 568 1622 618 et
1648 578 1838 640 pecu-

404 672 543 734 niae
560 669 863 754 fugienda
880 671 1219 751 cupiditas:
1245 670 1403 731 nihil
1418 672 1589 731 enim
1605 672 1690 732 est
1709 688 1837 732 tam

382 786 649 868 *angusti
674 786 887 858 animi,
906 798 1161 863 tamque
1189 785 1386 864 parvi,
1413 804 1604 863 quam
1631 805 1840 847 amare

407 901 654 960 divitias
672 924 685 961 :
709 901 869 962 nihil
887 900 1200 961 honestius
1217 896 1840 981 magnificentiusque

412 1035 603 1095 quam
628 1015 958 1096 pecuniam
980 1026 1415 1088 contemnere,
1438 1012 1630 1074 finon
1654 1014 1843 1075 habe-

412 1150 518 1202 as;
547 1128 592 1189 fi
615 1130 862 1203 habeaS,
889 1129 965 1189 ad
989 1127 1488 1189 beneficientiam
1510 1128 1845 1189 liberalita-

414 1258 672 1325 temque
702 1243 1018 1307 conferre.
1075 1244 1350 1305 cavenda
1384 1243 1471 1304 est
1497 1244 1684 1304 etiam
1707 1244 1846 1324 glo-

410 1357 540 1420 riae
569 1359 900 1441 cupiditas„
939 1370 1013 1420 ut
1048 1356 1233 1440 supra
1271 1356 1432 1418 dixi:
1467 1357 1650 1438 eripit
1676 1356 1846 1417 enim

411 1470 791 1559 libertatem,
817 1490 933 1550 pro
958 1489 1080 1550 qua
1102 1468 1515 1552 magnanimis
1536 1468 1682 1529 viris
1706 1489 1843 1530 om-

415 1585 507 1643 nis
529 1584 715 1644 debet
739 1582 854 1644 effe
882 1585 1235 1645 contentio·
1274 1603 1389 1644 nec
1417 1603 1564 1642 vero
1588 1583 1849 1664 imperia

415 1700 788 1782 expetenda,
833 1722 902 1762 ac
939 1701 1151 1782 potius
1187 1714 1297 1761 aut
1326 1721 1459 1761 non
1487 1699 1849 1781 accipienda

412 1814 764 1890 interdum,
793 1830 897 1875 aut
934 1816 1311 1896 deponenda
1338 1837 1848 1897 nonnumquam.

416 1928 769 1991 vacandum
795 1942 1006 1990 autem
1033 1928 1120 1989 est
1155 1930 1332 1989 omni
1366 1929 1558 1990 animi
1598 1941 1852 2011 pertur-

418 2042 696 2119 batione,
718 2058 857 2106 tum
885 2042 1228 2125 cupiditate
1254 2058 1314 2105 et
1339 2058 1538 2115 metu,
1572 2057 1710 2106 turn
1735 2043 1853 2106 eti-

421 2175 522 2218 am
551 2135 938 2239 aegritudine
964 2170 1027 2217 et
1056 2158 1382 2238 voluptate
1410 2158 1602 2218 animi
1633 2171 1694 2218 et
1730 2158 1854 2217 ira-

422 2271 685 2344 cundia;
745 2285 819 2333 ut
871 2272 1292 2351 tranquillitas
1335 2272 1526 2334 animi
1574 2287 1635 2334 et
1681 2270 1856 2333 se'cu-

334 2356 353 2382 *
421 2385 574 2444 ritas
603 2382 777 2458 adfit,
820 2376 982 2464 ‘quae
1018 2382 1200 2444 affert
1238 2405 1386 2444 cum
1413 2385 1853 2459 constantiam,

424 2511 559 2558 tum
577 2498 759 2558 etiam
778 2496 1171 2577 dignitatem.
1196 2497 1379 2557 multi
1405 2511 1617 2558 autem
1636 2513 1696 2557 et
1710 2493 1854 2558 sunt

425 2625 485 2669 ct
515 2607 803 2683 fuerunt,
823 2609 930 2689 qui
960 2629 1118 2683 eam,
1139 2630 1330 2689 quam
1355 2609 1522 2684 dico,
1545 2610 1859 2690 tranquil-

423 2721 666 2782 litatem
704 2733 1087 2801 expetentes,
1143 2741 1176 2779 a
1211 2720 1481 2802 negotiis
1513 2721 1773 2801 publicis
1797 2717 1857 2783 se

366 2889 370 2893 .
425 2835 828 2909 removerint,
858 2835 935 2897 ad
960 2835 1294 2916 otiumque
1325 2834 1753 2918 perfugerint:
1794 2838 1860 2900 in

426 2951 523 3012 his
538 2964 599 3011 et
616 2949 967 3010 nobiliffimi
981 2946 1338 3031 philosophi
1356 2950 1670 3032 longeque
1688 2952 1863 3032 prin-

425 3065 614 3147 cipes,
650 3079 712 3126 et
737 3065 996 3146 quidam
1020 3064 1310 3127 homines
1335 3062 1528 3126 severi
1552 3080 1612 3125 et
1644 3086 1861 3147 graves

427 3200 538 3241 nec
562 3179 785 3262 populi
804 3199 917 3241 nec
938 3179 1298 3262 principum
1318 3199 1527 3241 mores
1557 3176 1721 3242 ferre
1749 3200 1863 3262 po·
