2499 4196
654 442 734 516 72
1056 431 1691 499 nzorrxctx's

649 567 845 656 ipsam
866 583 1163 654 magnum
1177 575 1550 657 clarumque
1568 569 1771 638 fuiffe.
1800 565 2108 638 innume&

649 693 877 759 rabiles
897 691 1050 754 aliae
1073 687 1599 753 diffimilitudlnes
1628 684 1775 751 sunt
1803 689 2101 763 naturae,

648 829 1065 892 morumque,
1105 807 1367 870 minime
1402 820 1612 870 tamen
1644 806 2101 887 vituperando-

646 951 817 995 rum.
911 923 1290 988 Admodum
1302 934 1519 984 autem
1531 921 1806 984 tenenda
1821 917 1966 1011 sunt
1979 918 2095 984 sua
2116 938 2180 986 3¹

647 1045 905 1127 cuique,
922 1060 1051 1103 non
1064 1025 1309 1113 vitiosa,
1325 1035 1430 1099 sed
1443 1053 1653 1099 tamen
1667 1038 1942 1120 propria,
1955 1057 2094 1119 quo

645 1157 897 1224 facilius
923 1157 1236 1220 decorum
1270 1149 1456 1230 illud,
1492 1150 1671 1236 quod
1705 1153 2096 1237 quaerimus,

643 1274 1013 1338 retineatur.
1035 1270 1119 1334 fic
1141 1269 1314 1332 enim
1329 1269 1417 1331 est
1438 1263 1828 1343 faciendum,
1842 1279 1918 1329 ut
1941 1287 2096 1331 con-

643 1395 743 1453 tra
751 1385 1107 1452 universam
1122 1399 1417 1447 naturam
1427 1383 1587 1446 nihil
1600 1383 2095 1461 contendamu33

643 1527 716 1569 ea
727 1519 940 1568 tamen
953 1499 1342 1579 conservata,
1356 1502 1682 1585 propriam
1695 1514 1985 1565 naturam
1999 1498 2094 1565 se·

644 1636 953 1701 quamur:
978 1627 1079 1689 ut,
1106 1612 1298 1675 etiam
1323 1612 1372 1673 fi
1396 1611 1517 1675 fint
1540 1614 1656 1676 alia
1678 1613 1969 1697 graviora
1995 1625 2096 1676 at-

644 1751 771 1816 que
793 1729 1081 1805 meliora,
1101 1743 1315 1789 tamen
1343 1748 1460 1790 nos
1484 1728 1687 1796 studia
1710 1729 1956 1791 nostrae
1979 1749 2095 1791 na-

641 1853 824 1909 turae
851 1843 1072 1927 regula
1097 1841 1472 1906 metiamur:
1510 1862 1720 1924 neque
1745 1842 1913 1905 enim
1941 1841 2095 1903 atti*-

641 1973 755 2023 net
781 1976 1138 2043 repugnare
1163 1971 1448 2032 naturae,
1472 1975 1588 2020 nec
1616 1956 1971 2039 quidquam
1996 1952 2091 2016 se-

639 2071 780 2156 qui,
810 2069 990 2155 quod
1018 2065 1253 2153 affequi
1280 2088 1411 2131 non
1440 2087 1655 2151 queas.
1686 2089 1766 2132 ex
1795 2087 1929 2152 quo
1955 2087 2092 2131 ma-

642 2190 736 2274 gis
757 2188 1049 2272 emergit,
1063 2187 1248 2271 quale
1270 2185 1347 2248 fit
1372 2187 1681 2250 decorum
1711 2187 1892 2265 illud,
1916 2187 2090 2271 ideo,

640 2302 794 2385 quia
815 2301 978 2363 nihil
998 2300 1177 2362 decet
1206 2300 1405 2362 invita
1424 2304 1523 2384 (ut
1545 2302 1755 2384 aiunt)
1771 2300 2089 2373 Minerva,

642 2418 711 2481 id
738 2417 849 2494 est,
898 2414 1269 2479 adversante
1303 2429 1367 2480 et
1401 2432 1801 2502 repugnante
1837 2435 2089 2485 natura.

642 2534 914 2597 omnino
948 2532 996 2593 fi
1030 2533 1385 2616 quidquam
1420 2535 1508 2597 est
1542 2535 1876 2613 decorum,
1929 2537 2095 2600 nihil

642 2646 732 2710 est
753 2632 1043 2730 profesto
1065 2647 1285 2728 magiS,
1301 2667 1493 2728 quam
1515 2634 1923 2729 aequabilitas
1943 2647 2095 2710 uni-

640 2757 853 2822 versae
886 2759 1077 2835 vitae,
1128 2772 1266 2822 tum
1300 2760 1690 2845 singularum
1726 2763 2087 2841 astionum3

643 2894 839 2956 quam
862 2870 1231 2937 conservare
1257 2896 1385 2937 non
1410 2875 1618 2960 poffis,
1636 2875 1963 2941 fialiorum
1977 2898 2093 2940 na-

642 3003 855 3050 turam
877 2988 1130 3050 imitans
1154 2990 1413 3052 omittas
1437 3003 1645 3053 tuam:
1670 3004 1745 3054 ut
1772 2992 1941 3053 enim
1965 2989 2094 3054 sera

642 3119 837 3162 mone
859 3121 939 3163 eo
955 3100 1257 3164 debemus
1284 3105 1404 3179 uti,
1420 3104 1531 3186 qui
1556 3120 1749 3168 notus
1775 3106 1863 3168 est
1884 3106 2089 3184 nobis,

643 3231 747 3291 ne,
776 3226 852 3277 ut
889 3210 1173 3299 quidam,
1208 3214 1453 3283 Graeca
1478 3218 1672 3284 verba
1695 3217 2092 3285 inculcantes
