<?xml version="1.0" encoding="UTF-8"?>
<!DOCTYPE html PUBLIC "-//W3C//DTD XHTML 1.0 Transitional//EN"
    "http://www.w3.org/TR/xhtml1/DTD/xhtml1-transitional.dtd">
<html xmlns="http://www.w3.org/1999/xhtml" xml:lang="en" lang="en">
 <head>
  <title>
</title>
<meta http-equiv="Content-Type" content="text/html;charset=utf-8" />
  <meta name='ocr-system' content='tesseract 3.04.00' />
  <meta name='ocr-capabilities' content='ocr_page ocr_carea ocr_par ocr_line ocrx_word'/>
</head>
<body>
  <div class='ocr_page' id='page_1' title='image "./marcitulliicice01cicegoog_0195.png"; bbox 0 0 2499 4196; ppageno 0'>
   <div class='ocr_carea' id='block_1_1' title="bbox 711 371 1848 493">
    <p class='ocr_par' dir='ltr' id='par_1_1' title="bbox 711 371 1848 493">
     <span class='ocr_line' id='line_1_1' title="bbox 711 371 1848 493; baseline 0.003 -20"><span class='ocrx_word' id='word_1_1' title='bbox 711 371 994 474; x_wconf 63' lang='lat' dir='ltr'>LOEER</span> <span class='ocrx_word' id='word_1_2' title='bbox 1052 411 1485 474; x_wconf 71' lang='lat' dir='ltr'>TERTms.</span> <span class='ocrx_word' id='word_1_3' title='bbox 1738 417 1848 493; x_wconf 64' lang='grc' dir='ltr'>ιη</span> 
     </span>
    </p>
   </div>
   <div class='ocr_carea' id='block_1_2' title="bbox 353 541 1854 1871">
    <p class='ocr_par' dir='ltr' id='par_1_2' title="bbox 353 541 1854 1871">
     <span class='ocr_line' id='line_1_2' title="bbox 405 541 1852 632; baseline 0 -22"><span class='ocrx_word' id='word_1_4' title='bbox 405 548 428 580; x_wconf 85' lang='lat'>‘</span> <span class='ocrx_word' id='word_1_5' title='bbox 467 541 623 623; x_wconf 68' lang='lat' dir='ltr'>(oiis</span> <span class='ocrx_word' id='word_1_6' title='bbox 654 549 824 611; x_wconf 88' lang='lat' dir='ltr'>enim</span> <span class='ocrx_word' id='word_1_7' title='bbox 854 547 1266 631; x_wconf 87' lang='lat' dir='ltr'>pulchritudo</span> <span class='ocrx_word' id='word_1_8' title='bbox 1296 546 1523 630; x_wconf 80' lang='lat' dir='ltr'>reliqui</span> <span class='ocrx_word' id='word_1_9' title='bbox 1561 547 1852 632; x_wconf 66' lang='lat' dir='ltr'>corporis</span> 
     </span>
     <span class='ocr_line' id='line_1_3' title="bbox 403 658 1853 743; baseline -0.002 -22"><span class='ocrx_word' id='word_1_10' title='bbox 403 658 426 693; x_wconf 84' lang='lat'>‘</span> <span class='ocrx_word' id='word_1_11' title='bbox 463 660 752 722; x_wconf 86' lang='lat' dir='ltr'>imitandi</span> <span class='ocrx_word' id='word_1_12' title='bbox 789 658 960 743; x_wconf 89' lang='lat' dir='ltr'>spem</span> <span class='ocrx_word' id='word_1_13' title='bbox 995 659 1383 742; x_wconf 85' lang='lat' dir='ltr'>auferebat):</span> <span class='ocrx_word' id='word_1_14' title='bbox 1434 659 1515 720; x_wconf 86' lang='lat' dir='ltr'>fic</span> <span class='ocrx_word' id='word_1_15' title='bbox 1552 679 1647 732; x_wconf 89' lang='lat' dir='ltr'>ea,</span> <span class='ocrx_word' id='word_1_16' title='bbox 1690 675 1853 740; x_wconf 85' lang='lat' dir='ltr'>quae</span> 
     </span>
     <span class='ocr_line' id='line_1_4' title="bbox 404 768 1854 854; baseline -0.002 -21"><span class='ocrx_word' id='word_1_17' title='bbox 404 770 427 805; x_wconf 83' lang='lat'>‘</span> <span class='ocrx_word' id='word_1_18' title='bbox 462 770 800 836; x_wconf 86' lang='lat' dir='ltr'>Panaetius</span> <span class='ocrx_word' id='word_1_19' title='bbox 828 770 1349 854; x_wconf 85' lang='lat' dir='ltr'>praetermififfet,</span> <span class='ocrx_word' id='word_1_20' title='bbox 1384 786 1446 834; x_wconf 88' lang='lat' dir='ltr'>et</span> <span class='ocrx_word' id='word_1_21' title='bbox 1481 792 1612 834; x_wconf 91' lang='lat' dir='ltr'>non</span> <span class='ocrx_word' id='word_1_22' title='bbox 1642 768 1854 853; x_wconf 61' lang='lat' dir='ltr'>persea</span> 
     </span>
     <span class='ocr_line' id='line_1_5' title="bbox 403 882 1849 968; baseline -0.001 -22"><span class='ocrx_word' id='word_1_23' title='bbox 403 882 426 917; x_wconf 84' lang='lat'>‘</span> <span class='ocrx_word' id='word_1_24' title='bbox 460 882 650 959; x_wconf 85' lang='lat' dir='ltr'>ciffet,</span> <span class='ocrx_word' id='word_1_25' title='bbox 696 901 958 966; x_wconf 86' lang='lat' dir='ltr'>propter</span> <span class='ocrx_word' id='word_1_26' title='bbox 994 905 1242 958; x_wconf 88' lang='lat' dir='ltr'>eorum,</span> <span class='ocrx_word' id='word_1_27' title='bbox 1286 907 1444 967; x_wconf 88' lang='lat' dir='ltr'>quae</span> <span class='ocrx_word' id='word_1_28' title='bbox 1474 883 1849 968; x_wconf 81' lang='lat' dir='ltr'>perfeciss&#39;et,</span> 
     </span>
     <span class='ocr_line' id='line_1_6' title="bbox 407 993 1850 1080; baseline -0.001 -23"><span class='ocrx_word' id='word_1_29' title='bbox 407 993 430 1028; x_wconf 84' lang='lat'>‘</span> <span class='ocrx_word' id='word_1_30' title='bbox 467 996 906 1077; x_wconf 84' lang='lat' dir='ltr'>praestantiam</span> <span class='ocrx_word' id='word_1_31' title='bbox 931 998 1246 1059; x_wconf 88' lang='lat' dir='ltr'>neminem</span> <span class='ocrx_word' id='word_1_32' title='bbox 1271 995 1385 1059; x_wconf 84' lang='lat' dir='ltr'>effe</span> <span class='ocrx_word' id='word_1_33' title='bbox 1411 994 1850 1080; x_wconf 61' lang='lat' dir='ltr'>persecutum!</span> 
     </span>
     <span class='ocr_line' id='line_1_7' title="bbox 353 1106 1850 1196; baseline 0.002 -27"><span class='ocrx_word' id='word_1_34' title='bbox 353 1109 379 1156; x_wconf 86' lang='lat'>³</span> <span class='ocrx_word' id='word_1_35' title='bbox 410 1106 838 1196; x_wconf 81' lang='lat' dir='ltr'>Qamobrem</span> <span class='ocrx_word' id='word_1_36' title='bbox 874 1110 952 1172; x_wconf 90' lang='lat' dir='ltr'>de</span> <span class='ocrx_word' id='word_1_37' title='bbox 979 1108 1226 1187; x_wconf 88' lang='lat' dir='ltr'>judicio</span> <span class='ocrx_word' id='word_1_38' title='bbox 1262 1111 1544 1175; x_wconf 80' lang='lat' dir='ltr'>Panaetii</span> <span class='ocrx_word' id='word_1_39' title='bbox 1574 1110 1850 1173; x_wconf 83' lang='lat' dir='ltr'>dubitari</span> 
     </span>
     <span class='ocr_line' id='line_1_8' title="bbox 407 1217 1851 1300; baseline 0.003 -20"><span class='ocrx_word' id='word_1_40' title='bbox 407 1239 541 1280; x_wconf 89' lang='lat' dir='ltr'>non</span> <span class='ocrx_word' id='word_1_41' title='bbox 580 1217 807 1300; x_wconf 88' lang='lat' dir='ltr'>potest:</span> <span class='ocrx_word' id='word_1_42' title='bbox 856 1222 1105 1283; x_wconf 61' lang='lat' dir='ltr'>rectene</span> <span class='ocrx_word' id='word_1_43' title='bbox 1142 1236 1357 1285; x_wconf 76' lang='lat' dir='ltr'>autem</span> <span class='ocrx_word' id='word_1_44' title='bbox 1394 1225 1554 1285; x_wconf 84' lang='lat' dir='ltr'>hanc</span> <span class='ocrx_word' id='word_1_45' title='bbox 1594 1224 1851 1285; x_wconf 85' lang='lat' dir='ltr'>tertiam</span> 
     </span>
     <span class='ocr_line' id='line_1_9' title="bbox 405 1333 1852 1416; baseline 0.003 -24"><span class='ocrx_word' id='word_1_46' title='bbox 405 1348 649 1413; x_wconf 79' lang='lat' dir='ltr'>partem</span> <span class='ocrx_word' id='word_1_47' title='bbox 685 1333 764 1395; x_wconf 90' lang='lat' dir='ltr'>ad</span> <span class='ocrx_word' id='word_1_48' title='bbox 799 1335 1266 1416; x_wconf 86' lang='lat' dir='ltr'>exquirendum</span> <span class='ocrx_word' id='word_1_49' title='bbox 1302 1334 1585 1398; x_wconf 89' lang='lat' dir='ltr'>officium</span> <span class='ocrx_word' id='word_1_50' title='bbox 1621 1335 1852 1414; x_wconf 78' lang='lat' dir='ltr'>adjun-</span> 
     </span>
     <span class='ocr_line' id='line_1_10' title="bbox 402 1445 1853 1533; baseline 0.003 -25"><span class='ocrx_word' id='word_1_51' title='bbox 402 1449 595 1525; x_wconf 83' lang='lat' dir='ltr'>xerit,</span> <span class='ocrx_word' id='word_1_52' title='bbox 623 1470 701 1510; x_wconf 88' lang='lat' dir='ltr'>an</span> <span class='ocrx_word' id='word_1_53' title='bbox 725 1445 922 1525; x_wconf 80' lang='lat' dir='ltr'>secu8,</span> <span class='ocrx_word' id='word_1_54' title='bbox 946 1449 1021 1512; x_wconf 88' lang='lat' dir='ltr'>de</span> <span class='ocrx_word' id='word_1_55' title='bbox 1045 1471 1123 1513; x_wconf 87' lang='lat' dir='ltr'>eo</span> <span class='ocrx_word' id='word_1_56' title='bbox 1148 1449 1400 1513; x_wconf 85' lang='lat' dir='ltr'>fortaffe</span> <span class='ocrx_word' id='word_1_57' title='bbox 1428 1451 1706 1513; x_wconf 80' lang='lat' dir='ltr'>dubitari</span> <span class='ocrx_word' id='word_1_58' title='bbox 1734 1470 1853 1533; x_wconf 67' lang='lat' dir='ltr'>po⁴</span> 
     </span>
     <span class='ocr_line' id='line_1_11' title="bbox 404 1559 1847 1638; baseline 0.001 -16"><span class='ocrx_word' id='word_1_59' title='bbox 404 1560 538 1622; x_wconf 86' lang='lat' dir='ltr'>test.</span> <span class='ocrx_word' id='word_1_60' title='bbox 568 1581 714 1622; x_wconf 82' lang='lat' dir='ltr'>narn</span> <span class='ocrx_word' id='word_1_61' title='bbox 738 1560 855 1622; x_wconf 85' lang='lat' dir='ltr'>five</span> <span class='ocrx_word' id='word_1_62' title='bbox 878 1559 1214 1624; x_wconf 88' lang='lat' dir='ltr'>honestum</span> <span class='ocrx_word' id='word_1_63' title='bbox 1239 1561 1445 1625; x_wconf 88' lang='lat' dir='ltr'>solum</span> <span class='ocrx_word' id='word_1_64' title='bbox 1468 1564 1707 1626; x_wconf 86' lang='lat' dir='ltr'>bonum</span> <span class='ocrx_word' id='word_1_65' title='bbox 1733 1563 1847 1638; x_wconf 87' lang='lat' dir='ltr'>est,</span> 
     </span>
     <span class='ocr_line' id='line_1_12' title="bbox 400 1670 1849 1756; baseline 0.002 -24"><span class='ocrx_word' id='word_1_66' title='bbox 400 1684 474 1732; x_wconf 87' lang='lat' dir='ltr'>ut</span> <span class='ocrx_word' id='word_1_67' title='bbox 499 1670 730 1734; x_wconf 77' lang='lat' dir='ltr'>Stoicis</span> <span class='ocrx_word' id='word_1_68' title='bbox 753 1675 991 1755; x_wconf 82' lang='lat' dir='ltr'>placet:</span> <span class='ocrx_word' id='word_1_69' title='bbox 1026 1674 1148 1735; x_wconf 86' lang='lat' dir='ltr'>five</span> <span class='ocrx_word' id='word_1_70' title='bbox 1171 1675 1350 1756; x_wconf 90' lang='lat' dir='ltr'>quod</span> <span class='ocrx_word' id='word_1_71' title='bbox 1374 1675 1708 1737; x_wconf 86' lang='lat' dir='ltr'>honestum</span> <span class='ocrx_word' id='word_1_72' title='bbox 1733 1675 1849 1750; x_wconf 54' lang='lat' dir='ltr'>ests</span> 
     </span>
     <span class='ocr_line' id='line_1_13' title="bbox 399 1782 1851 1871; baseline 0.001 -24"><span class='ocrx_word' id='word_1_73' title='bbox 399 1783 468 1847; x_wconf 88' lang='lat' dir='ltr'>id</span> <span class='ocrx_word' id='word_1_74' title='bbox 502 1785 592 1847; x_wconf 86' lang='lat' dir='ltr'>ita</span> <span class='ocrx_word' id='word_1_75' title='bbox 616 1782 937 1848; x_wconf 86' lang='lat' dir='ltr'>summum</span> <span class='ocrx_word' id='word_1_76' title='bbox 964 1788 1211 1849; x_wconf 87' lang='lat' dir='ltr'>bonum</span> <span class='ocrx_word' id='word_1_77' title='bbox 1246 1788 1359 1863; x_wconf 88' lang='lat' dir='ltr'>est,</span> <span class='ocrx_word' id='word_1_78' title='bbox 1398 1789 1851 1871; x_wconf 87' lang='lat' dir='ltr'>(quemadmo-</span> 
     </span>
    </p>
   </div>
   <div class='ocr_carea' id='block_1_3' title="bbox 400 1896 1854 2088">
    <p class='ocr_par' dir='ltr' id='par_1_3' title="bbox 400 1896 1854 2088">
     <span class='ocr_line' id='line_1_14' title="bbox 400 1896 1854 1982; baseline 0 -22"><span class='ocrx_word' id='word_1_79' title='bbox 400 1896 562 1960; x_wconf 85' lang='lat' dir='ltr'>dum</span> <span class='ocrx_word' id='word_1_80' title='bbox 582 1897 1014 1980; x_wconf 80' lang='lat' dir='ltr'>Peripateticis</span> <span class='ocrx_word' id='word_1_81' title='bbox 1037 1900 1253 1960; x_wconf 80' lang='lat' dir='ltr'>vestris</span> <span class='ocrx_word' id='word_1_82' title='bbox 1277 1901 1584 1982; x_wconf 82' lang='lat' dir='ltr'>videtur),</span> <span class='ocrx_word' id='word_1_83' title='bbox 1612 1914 1686 1962; x_wconf 89' lang='lat' dir='ltr'>ut</span> <span class='ocrx_word' id='word_1_84' title='bbox 1710 1922 1854 1962; x_wconf 52' lang='lat' dir='ltr'>ome</span> 
     </span>
     <span class='ocr_line' id='line_1_15' title="bbox 400 2006 1853 2088; baseline 0.005 -20"><span class='ocrx_word' id='word_1_85' title='bbox 400 2006 508 2068; x_wconf 89' lang='lat' dir='ltr'>nia</span> <span class='ocrx_word' id='word_1_86' title='bbox 543 2027 625 2069; x_wconf 81' lang='lat' dir='ltr'>ex</span> <span class='ocrx_word' id='word_1_87' title='bbox 659 2009 847 2068; x_wconf 83' lang='lat' dir='ltr'>altera</span> <span class='ocrx_word' id='word_1_88' title='bbox 885 2023 1060 2088; x_wconf 72' lang='lat' dir='ltr'>parte</span> <span class='ocrx_word' id='word_1_89' title='bbox 1098 2010 1405 2070; x_wconf 86' lang='lat' dir='ltr'>collocata</span> <span class='ocrx_word' id='word_1_90' title='bbox 1445 2010 1553 2072; x_wconf 83' lang='lat' dir='ltr'>vix</span> <span class='ocrx_word' id='word_1_91' title='bbox 1601 2010 1853 2075; x_wconf 86' lang='lat' dir='ltr'>minimi</span> 
     </span>
    </p>
   </div>
   <div class='ocr_carea' id='block_1_4' title="bbox 401 2120 1858 3227">
    <p class='ocr_par' dir='ltr' id='par_1_4' title="bbox 401 2120 1858 3227">
     <span class='ocr_line' id='line_1_16' title="bbox 402 2120 1849 2197; baseline 0.005 -17"><span class='ocrx_word' id='word_1_92' title='bbox 402 2121 715 2182; x_wconf 84' lang='lat' dir='ltr'>momenti</span> <span class='ocrx_word' id='word_1_93' title='bbox 737 2120 927 2182; x_wconf 83' lang='lat' dir='ltr'>instar</span> <span class='ocrx_word' id='word_1_94' title='bbox 944 2122 1216 2183; x_wconf 83' lang='lat' dir='ltr'>habeant</span> <span class='ocrx_word' id='word_1_95' title='bbox 1236 2147 1252 2197; x_wconf 89' lang='lat'>;</span> <span class='ocrx_word' id='word_1_96' title='bbox 1271 2123 1693 2185; x_wconf 88' lang='lat' dir='ltr'>dubitandum</span> <span class='ocrx_word' id='word_1_97' title='bbox 1715 2144 1849 2189; x_wconf 83' lang='lat' dir='ltr'>non</span> 
     </span>
     <span class='ocr_line' id='line_1_17' title="bbox 402 2232 1852 2317; baseline 0.003 -23"><span class='ocrx_word' id='word_1_98' title='bbox 402 2232 514 2306; x_wconf 86' lang='lat' dir='ltr'>est,</span> <span class='ocrx_word' id='word_1_99' title='bbox 538 2232 693 2314; x_wconf 90' lang='lat' dir='ltr'>quin</span> <span class='ocrx_word' id='word_1_100' title='bbox 720 2255 1068 2315; x_wconf 86' lang='lat' dir='ltr'>numquam</span> <span class='ocrx_word' id='word_1_101' title='bbox 1090 2235 1275 2317; x_wconf 88' lang='lat' dir='ltr'>poffit</span> <span class='ocrx_word' id='word_1_102' title='bbox 1300 2237 1535 2299; x_wconf 84' lang='lat' dir='ltr'>utilitas</span> <span class='ocrx_word' id='word_1_103' title='bbox 1559 2258 1703 2298; x_wconf 87' lang='lat' dir='ltr'>cum</span> <span class='ocrx_word' id='word_1_104' title='bbox 1730 2238 1852 2299; x_wconf 75' lang='lat' dir='ltr'>ho-</span> 
     </span>
     <span class='ocr_line' id='line_1_18' title="bbox 401 2347 1854 2433; baseline 0.003 -25"><span class='ocrx_word' id='word_1_105' title='bbox 401 2347 640 2408; x_wconf 85' lang='lat' dir='ltr'>nestate</span> <span class='ocrx_word' id='word_1_106' title='bbox 665 2349 1068 2410; x_wconf 85' lang='lat' dir='ltr'>contendere.</span> <span class='ocrx_word' id='word_1_107' title='bbox 1100 2351 1313 2431; x_wconf 88' lang='lat' dir='ltr'>itaque</span> <span class='ocrx_word' id='word_1_108' title='bbox 1338 2350 1708 2433; x_wconf 67' lang='lat' dir='ltr'>accepimm,</span> <span class='ocrx_word' id='word_1_109' title='bbox 1732 2352 1854 2414; x_wconf 80' lang='lat' dir='ltr'>So·</span> 
     </span>
     <span class='ocr_line' id='line_1_19' title="bbox 404 2457 1850 2545; baseline 0.004 -24"><span class='ocrx_word' id='word_1_110' title='bbox 404 2473 644 2521; x_wconf 84' lang='lat' dir='ltr'>cratem</span> <span class='ocrx_word' id='word_1_111' title='bbox 669 2457 975 2521; x_wconf 84' lang='lat' dir='ltr'>exsecrari</span> <span class='ocrx_word' id='word_1_112' title='bbox 1003 2458 1259 2523; x_wconf 88' lang='lat' dir='ltr'>solitum</span> <span class='ocrx_word' id='word_1_113' title='bbox 1283 2484 1407 2539; x_wconf 80' lang='lat' dir='ltr'>eos,</span> <span class='ocrx_word' id='word_1_114' title='bbox 1431 2464 1542 2545; x_wconf 84' lang='lat' dir='ltr'>qui</span> <span class='ocrx_word' id='word_1_115' title='bbox 1570 2464 1850 2545; x_wconf 82' lang='lat' dir='ltr'>primum</span> 
     </span>
     <span class='ocr_line' id='line_1_20' title="bbox 403 2568 1849 2654; baseline 0.003 -22"><span class='ocrx_word' id='word_1_116' title='bbox 403 2568 578 2642; x_wconf 86' lang='lat' dir='ltr'>haec,</span> <span class='ocrx_word' id='word_1_117' title='bbox 607 2584 834 2632; x_wconf 87' lang='lat' dir='ltr'>natura</span> <span class='ocrx_word' id='word_1_118' title='bbox 860 2572 1283 2649; x_wconf 79' lang='lat' dir='ltr'>cohaerentia,</span> <span class='ocrx_word' id='word_1_119' title='bbox 1310 2576 1611 2654; x_wconf 81' lang='lat' dir='ltr'>opinione</span> <span class='ocrx_word' id='word_1_120' title='bbox 1638 2574 1849 2637; x_wconf 85' lang='lat' dir='ltr'>distra-</span> 
     </span>
     <span class='ocr_line' id='line_1_21' title="bbox 406 2679 1852 2765; baseline 0.003 -21"><span class='ocrx_word' id='word_1_121' title='bbox 406 2679 650 2745; x_wconf 85' lang='lat' dir='ltr'>xiffent.</span> <span class='ocrx_word' id='word_1_122' title='bbox 689 2686 789 2744; x_wconf 86' lang='lat' dir='ltr'>cui</span> <span class='ocrx_word' id='word_1_123' title='bbox 818 2685 1078 2765; x_wconf 85' lang='lat' dir='ltr'>quidem</span> <span class='ocrx_word' id='word_1_124' title='bbox 1101 2685 1189 2746; x_wconf 89' lang='lat' dir='ltr'>ita</span> <span class='ocrx_word' id='word_1_125' title='bbox 1216 2683 1362 2747; x_wconf 86' lang='lat' dir='ltr'>sunt</span> <span class='ocrx_word' id='word_1_126' title='bbox 1395 2688 1591 2749; x_wconf 84' lang='lat' dir='ltr'>Stoici</span> <span class='ocrx_word' id='word_1_127' title='bbox 1615 2686 1852 2762; x_wconf 82' lang='lat' dir='ltr'>affenfi,</span> 
     </span>
     <span class='ocr_line' id='line_1_22' title="bbox 407 2797 1851 2877; baseline 0 -16"><span class='ocrx_word' id='word_1_128' title='bbox 407 2812 481 2861; x_wconf 87' lang='lat' dir='ltr'>ut</span> <span class='ocrx_word' id='word_1_129' title='bbox 517 2798 831 2877; x_wconf 89' lang='lat' dir='ltr'>quidquid</span> <span class='ocrx_word' id='word_1_130' title='bbox 865 2799 1204 2862; x_wconf 89' lang='lat' dir='ltr'>honestum</span> <span class='ocrx_word' id='word_1_131' title='bbox 1239 2799 1410 2876; x_wconf 74' lang='lat' dir='ltr'>estet,</span> <span class='ocrx_word' id='word_1_132' title='bbox 1448 2801 1513 2862; x_wconf 90' lang='lat' dir='ltr'>id</span> <span class='ocrx_word' id='word_1_133' title='bbox 1541 2802 1698 2863; x_wconf 88' lang='lat' dir='ltr'>utile</span> <span class='ocrx_word' id='word_1_134' title='bbox 1735 2797 1851 2861; x_wconf 83' lang='lat' dir='ltr'>effe</span> 
     </span>
     <span class='ocr_line' id='line_1_23' title="bbox 409 2906 1853 2995; baseline 0.006 -25"><span class='ocrx_word' id='word_1_135' title='bbox 409 2906 766 2985; x_wconf 87' lang='lat' dir='ltr'>censerent;</span> <span class='ocrx_word' id='word_1_136' title='bbox 802 2932 914 2973; x_wconf 88' lang='lat' dir='ltr'>nec</span> <span class='ocrx_word' id='word_1_137' title='bbox 943 2913 1093 2975; x_wconf 90' lang='lat' dir='ltr'>utile</span> <span class='ocrx_word' id='word_1_138' title='bbox 1117 2914 1489 2995; x_wconf 87' lang='lat' dir='ltr'>quidquam,</span> <span class='ocrx_word' id='word_1_139' title='bbox 1520 2914 1696 2995; x_wconf 89' lang='lat' dir='ltr'>quod</span> <span class='ocrx_word' id='word_1_140' title='bbox 1723 2935 1853 2978; x_wconf 76' lang='lat' dir='ltr'>non</span> 
     </span>
     <span class='ocr_line' id='line_1_24' title="bbox 406 3022 1853 3108; baseline 0.005 -22"><span class='ocrx_word' id='word_1_141' title='bbox 406 3022 771 3086; x_wconf 88' lang='lat' dir='ltr'>honestum.</span> <span class='ocrx_word' id='word_1_142' title='bbox 811 3027 987 3107; x_wconf 88' lang='lat' dir='ltr'>quod</span> <span class='ocrx_word' id='word_1_143' title='bbox 1013 3028 1058 3087; x_wconf 91' lang='lat' dir='ltr'><strong>fi</strong></span> <span class='ocrx_word' id='word_1_144' title='bbox 1093 3028 1143 3087; x_wconf 90' lang='lat' dir='ltr'>is</span> <span class='ocrx_word' id='word_1_145' title='bbox 1171 3026 1316 3089; x_wconf 78' lang='lat' dir='ltr'>esset</span> <span class='ocrx_word' id='word_1_146' title='bbox 1341 3028 1703 3102; x_wconf 73' lang='lat' dir='ltr'>Panaetius·‚</span> <span class='ocrx_word' id='word_1_147' title='bbox 1740 3029 1853 3108; x_wconf 81' lang='lat' dir='ltr'>qui</span> 
     </span>
     <span class='ocr_line' id='line_1_25' title="bbox 406 3138 1858 3227; baseline 0.003 -27"><span class='ocrx_word' id='word_1_148' title='bbox 406 3138 730 3227; x_wconf 29' lang='lat' dir='ltr'>virt-utem,</span> <span class='ocrx_word' id='word_1_149' title='bbox 781 3156 1107 3223; x_wconf 79' lang='lat' dir='ltr'>propterea</span> <span class='ocrx_word' id='word_1_150' title='bbox 1171 3141 1505 3205; x_wconf 85' lang='lat' dir='ltr'>colendam</span> <span class='ocrx_word' id='word_1_151' title='bbox 1552 3141 1812 3217; x_wconf 28' lang='lat' dir='ltr'>‘diceret</span> <span class='ocrx_word' id='word_1_152' title='bbox 1834 3185 1858 3219; x_wconf 77' lang='grc'><em>,</em></span> 
     </span>
    </p>
   </div>
   <div class='ocr_carea' id='block_1_5' title="bbox 1074 3238 1129 3304">
    <p class='ocr_par' dir='ltr' id='par_1_5' title="bbox 1074 3238 1129 3304">
     <span class='ocr_line' id='line_1_26' title="bbox 1074 3238 1129 3304; baseline 0 0"><span class='ocrx_word' id='word_1_153' title='bbox 1074 3238 1129 3304; x_wconf 84' lang='grc' dir='ltr'>Ζ</span> 
     </span>
    </p>
   </div>
  </div>
 </body>
</html>
