2499 4196
715 431 824 488 104
1150 420 1263 468 DE
1333 422 1743 471 oft-teus

707 545 892 608 nibus
946 544 1199 622 omiffi5,
1260 539 1474 609 totum
1539 545 1597 610 se
1656 549 1721 609 in
1776 546 2146 630 cognitione

707 678 771 726 et
806 663 1059 726 scientia
1093 665 1454 727 collocaret.
1517 687 1649 729 non
1684 667 1772 728 est
1807 666 1936 728 ita:
1997 689 2144 728 nam

708 791 770 840 et
807 776 1206 841 solitudinem
1243 777 1517 861 fugeret,
1566 793 1630 841 et
1664 777 1907 842 socium
1955 780 2143 842 studii

709 909 1081 975 quaereret3
1120 909 1261 956 tum
1289 897 1536 968 docere,
1574 911 1715 959 tum
1745 894 1979 957 discere
2016 896 2142 956 vel·

706 1011 822 1084 let,
857 1025 993 1070 tum
1021 1011 1264 1084 audire,
1301 1027 1436 1073 turn
1473 1014 1698 1073 dicere.
1759 1034 1916 1096 ergo
1952 1034 2142 1075 omne

708 1125 1019 1202 officium,
1056 1127 1232 1207 quod
1267 1130 1347 1189 ad
1383 1127 1901 1206 conjunctionem
1934 1127 2140 1189 homi-

706 1260 864 1301 num
888 1253 950 1300 et
980 1241 1059 1301 ad
1083 1236 1445 1303 societatem
1479 1242 1781 1304 tuendam
1807 1242 1994 1315 valet,
2032 1264 2141 1304 an-

707 1355 1143 1436 teponendum
1180 1355 1268 1415 est
1304 1355 1393 1416 illi
1430 1355 1670 1431 officio,
1706 1356 1886 1437 quod
1918 1357 2140 1438 cogni-

705 1470 880 1530 tione
910 1483 971 1530 et
997 1467 1252 1530 scientia
1281 1472 1673 1532 continetur.
1760 1470 1930 1531 Illud
1958 1467 2139 1531 forfi-
2159 1475 2220 1525 43

677 1601 811 1646 -tan
835 1585 1271 1666 quaerendum
1293 1586 1391 1655 fit,
1424 1607 1580 1648 num
1604 1588 1756 1648 haec
1786 1585 2141 1646 communi-

703 1713 822 1773 τηε,
860 1720 1021 1781 quae
1057 1705 1324 1764 maxime
1362 1702 1449 1764 est
1477 1717 1619 1783 apta
1655 1714 1935 1772 naturae,
1972 1700 2045 1761 fit
2077 1720 2142 1761 e-

706 1814 858 1878 tiam
906 1817 1334 1881 moderationi
1375 1818 1841 1899 modestiaeque
1896 1814 2139 1898 semper

703 1931 1169 2012 anteponenda.
1197 1952 1327 1993 non
1347 1932 1578 2013 placet:
1602 1929 1747 1992 sunt
1761 1930 1931 1991 enirn
1947 1949 2139 2010 quaed

704 2047 848 2109 dam
875 2047 1104 2131 partim
1133 2048 1218 2111 ita
1249 2046 1463 2124 foeda,
1499 2047 1726 2129 partim
1762 2048 1845 2108 ita
1872 2046 2136 2129 flagitio-

699 2156 782 2236 sa,
815 2176 889 2223 ut
916 2183 988 2223 ea
1015 2183 1094 2224 ne
1120 2161 1581 2225 conservandae
1615 2161 1874 2243 quidem
1898 2161 2131 2242 patriae

702 2275 904 2339 cauffa
937 2276 1175 2360 sapiens
1204 2274 1490 2339 facturus
1517 2274 1627 2337 fit:
1663 2296 1734 2336 ea
1755 2272 2134 2335 Pofidonius

703 2393 955 2474 collegit
984 2393 1330 2475 permulta3
1368 2388 1474 2451 sed
1500 2388 1586 2449 ita
1616 2402 1775 2449 tetra
1800 2387 2133 2468 quaedam,

704 2505 792 2567 ita
826 2504 1159 2582 obscoena,
1194 2519 1271 2568 ut
1299 2504 1471 2566 dictu
1503 2521 1764 2585 quoque
1801 2501 2137 2562 videantur

703 2617 933 2699 turpia.
997 2619 1145 2680 haec
1191 2619 1387 2701 igitur
1421 2637 1554 2678 non
1594 2614 1882 2697 suscipiet
1917 2614 2131 2696 reipu-

704 2730 899 2793 blicae
922 2724 1153 2792 cauffa:
1183 2751 1262 2792 ne
1286 2727 1636 2812 respublica
1655 2728 1912 2811 quidem
1939 2749 2057 2808 pro
2078 2724 2134 2789 se

704 2839 928 2926 suscipi
964 2843 1150 2906 volet.
1206 2841 1310 2904 sed
1348 2843 1472 2903 hoc
1511 2841 1912 2903 commodius
1941 2841 2000 2900 se
2039 2859 2135 2901 res

702 2954 919 3031 habet,
957 2956 1128 3035 quod
1162 2976 1295 3018 non
1324 2954 1523 3039 potest
1546 2955 1822 3016 accidere
1861 2967 2134 3034 tempus,

702 3085 779 3134 ut
803 3072 1037 3135 interfit
1061 3074 1440 3157 reipublicae
1476 3072 1828 3154 quidquam
1869 3072 2128 3132 illorum

704 3188 912 3254 facere
939 3185 1303 3273 sapientem.
1357 3208 1555 3271 quare
1590 3187 1716 3251 hoc
1749 3185 2009 3270 quidem
2045 3183 2137 3247 ef·-
