2499 4196
673 399 782 456 144
1057 386 1176 435 DE
1238 387 1700 437 OFFICIIS

669 512 778 574 illa
810 511 1186 597 benignitaS,
1238 533 1404 594 quae
1444 514 1680 577 constat
1719 536 1799 580 ex
1831 537 2021 601 opera
2052 526 2125 584 et

669 629 998 705 industria,
1023 645 1085 692 et
1112 629 1433 694 honestior
1461 629 1561 706 fit,
1585 646 1649 693 et
1673 632 1860 696 latius
1889 648 2123 717 pateat,

673 760 736 812 et
761 746 941 828 poffit
966 745 1249 829 prodeffe
1272 746 1592 829 pluribus:
1620 768 2121 831 nonnumquam

672 875 882 923 tamen
918 863 1004 926 est
1039 862 1465 944 largiendum,
1513 883 1627 925 nee
1664 864 1792 927 hoe
1827 866 2120 948 benigni·

670 976 820 1039 tatis
854 997 1053 1060 genus
1088 979 1358 1042 omnino
1391 979 1857 1059 repudiandum
1891 981 2013 1056 est;
2048 994 2116 1045 et

667 1088 846 1175 saepe
885 1092 1134 1157 idoneis
1164 1093 1536 1158 hominibus
1572 1094 2001 1178 indigentibus
2034 1097 2114 1159 de

667 1221 738 1275 re
766 1208 1056 1275 familiari
1083 1211 1609 1293 impertiendum:
1640 1209 1744 1275 sed
1772 1214 2115 1296 diligenter

668 1340 862 1408 atque
898 1325 1258 1389 moderate:
1306 1326 1494 1388 multi
1522 1326 1692 1388 enim
1727 1326 2116 1409 patrimonia

667 1441 1032 1505 effuderunt
1056 1437 1412 1503 inconsulte
1437 1440 1790 1524 largiendo:
1823 1441 1981 1523 quid
2003 1464 2116 1510 au-

666 1569 800 1618 tem
834 1555 922 1619 est
947 1556 1218 1628 stultius,
1259 1577 1474 1636 quam,
1513 1556 1690 1638 quod
1718 1556 1990 1619 libenter
2016 1554 2110 1619 fa*

664 1669 810 1745 cias,
829 1691 1049 1733 curare
1062 1685 1138 1732 ut
1154 1669 1221 1732 id
1242 1671 1486 1734 diutius
1503 1671 1706 1735 faeere
1724 1693 1857 1735 non
1882 1665 2107 1755 poflis?

663 1798 857 1867 atque
892 1787 1081 1852 etiam
1122 1783 1477 1868 sequuntur
1510 1785 1910 1868 largitionem
1942 1786 2110 1867 rapi·

663 1924 812 1966 nae:
861 1919 1008 1966 cum
1047 1905 1214 1966 enim
1258 1902 1473 1964 dando
1517 1922 1702 1985 egere
1753 1903 2106 1985 coeperint,

662 2021 882 2083 alienis
933 2020 1119 2082 bonis
1177 2041 1403 2082 manus
1457 2018 1685 2081 afferre
1732 2034 2059 2103 coguntur
2089 2029 2104 2079 ἐ

662 2137 772 2211 ita,
789 2158 935 2199 cum
951 2135 1421 2215 benevolentiae
1434 2135 1887 2217 comparandae
1905 2134 2108 2198 cauffa

658 2254 924 2316 benefici
952 2251 1067 2316 effe
1098 2252 1320 2327 velint,
1356 2272 1489 2313 non
1519 2265 1697 2313 tanta
1726 2250 1929 2318 studia
1957 2249 2107 2313 affe-

661 2385 956 2453 quuntur
978 2392 1229 2445 eorum,
1248 2368 1478 2450 quibus
1502 2365 1841 2441 dederunt,
1862 2380 2103 2447 quanta

659 2487 807 2548 odia
843 2507 1093 2562 eorum,
1131 2484 1361 2566 quibus
1395 2482 1793 2547 ademerunt.
1833 2502 2099 2562 quamo-

655 2602 838 2664 brem
863 2623 978 2665 nee
1007 2602 1093 2665 ita
1118 2600 1468 2664 claudenda
1503 2599 1590 2661 est
1624 2620 1721 2661 res
1751 2596 2097 2673 familiaris,

651 2731 726 2778 ut
749 2737 888 2777 eam
913 2716 1261 2798 benignitas
1289 2717 1531 2798 aperire
1566 2737 1698 2778 non
1726 2716 1947 2798 poffit3
1983 2737 2099 2794 nec

653 2835 740 2895 ita
767 2830 1119 2909 reseranda,
1155 2848 1230 2895 ut
1256 2848 1465 2915 pateat
1495 2832 1823 2895 omnibus:
1861 2832 2097 2894 modus

652 2950 1066 3027 adhibeatur,
1088 2946 1262 3031 isque
1290 2947 1603 3011 referatur
1628 2949 1706 3011 ad
1731 2946 2094 3010 facultates·

651 3067 921 3129 omnino
957 3062 1302 3127 meminiffe
1353 3065 1659 3127 debemus
1703 3065 1792 3140 id,
1845 3065 2026 3147 quod
2062 3085 2097 3125 a

650 3184 876 3249 nostris
924 3181 1294 3246 hominibus
1343 3178 1681 3265 saepiffime
1714 3178 2094 3266 usurpatum
