2499 4196
700 424 773 483 ¹4
1095 403 1727 455 nssorrictis

694 533 1147 620 cognovimus;
1184 529 1422 592 multos
1450 529 1517 591 in
1542 528 1885 604 dialectica,
1913 526 2135 610 plures

697 651 764 713 in
779 651 922 731 jure
946 649 1112 711 civili
1126 672 1146 708 ι
1175 666 1339 729 quae
1359 666 1579 708 omnes
1600 658 1765 708 artes
1792 646 1857 706 in
1879 644 2012 706 veri
2036 643 2141 705 in-

697 761 1106 845 vestigatione
1130 754 1483 833 versantur,
1518 756 1703 835 eujus
1726 756 1934 818 studio
1970 776 2005 817 a
2034 775 2142 817 re·

699 877 822 938 bus
845 873 1133 958 gerendis
1158 872 1387 934 abduci
1420 885 1648 934 contra
1680 871 1966 933 officium
2001 870 2135 944 «τῆς

702 989 955 1051 virtutis
972 988 1140 1050 enim
1163 988 1299 1049 lans
1319 986 1526 1048 omnis
1549 987 1616 1048 in
1632 988 1875 1048 astione
1889 986 2142 1048 confist-

619 1182 634 1196 ·
703 1103 789 1162 it:
818 1121 853 1161 a
876 1121 1002 1182 qua
1025 1115 1235 1162 tamen
1258 1096 1434 1181 saepe
1458 1098 1531 1161 fit
1559 1099 1947 1175 intermiffio,
1976 1097 2144 1162 mul-

706 1216 884 1298 tique
919 1217 1156 1278 dantur
1180 1216 1261 1276 ad
1298 1215 1500 1276 studia
1527 1217 1806 1291 reditus3
1844 1230 1983 1278 tum
2010 1216 2147 1299 agi—

705 1330 867 1392 tatio
902 1329 1150 1404 mentis,
1186 1349 1349 1411 quae
1384 1349 1739 1410 numquam
1776 1325 2139 1409 acquiescit,

708 1443 914 1525 potest
929 1462 1045 1504 nos
1062 1443 1125 1504 in
1144 1440 1360 1503 studiis
1383 1442 1782 1524 cogitationis
1806 1442 1995 1503 etiam
2017 1439 2147 1502 fine

709 1577 904 1638 opera
932 1556 1144 1618 nostra
1168 1556 1532 1617 continere:
1572 1556 1779 1618 omnis
1802 1568 2014 1617 autem
2037 1574 2153 1615 co-

710 1670 935 1752 gitatio
973 1668 1311 1751 motusque
1348 1668 1564 1742 animi,
1619 1683 1733 1731 aut
1766 1670 1831 1730 in
1879 1667 2150 1731 confinis

711 1782 1026 1864 capiendis
1048 1784 1125 1845 de
1151 1785 1339 1846 rebus
1369 1784 1643 1846 honestis
1681 1797 1744 1846 et
1775 1784 2153 1866 pertinenti·

711 1899 834 1960 bus
866 1898 943 1959 ad
977 1900 1135 1961 bene
1171 1900 1477 1986 beateque
1513 1900 1881 1976 vivendum,
1936 1912 2041 1961 aut
2079 1899 2152 1959 in

714 2012 933 2076 studiis
970 2011 1252 2076 scientiae
1288 2011 1794 2097 cognitionisque
1841 2011 2150 2075 versatur.

716 2150 786 2190 ac
811 2128 888 2189 de
913 2128 1126 2210 primo
1145 2129 1403 2210 quidem
1427 2128 1621 2191 officii
1644 2127 1823 2190 fonte
1850 2128 2150 2189 diximus.

716 2237 820 2301 De
845 2240 1046 2302 tribus
1070 2256 1284 2303 autem
1306 2241 1565 2323 reliquis
1584 2243 1865 2304 latiffime
1888 2257 2058 2324 patet
2081 2262 2153 2304 ea
2176 2259 2203 2298 ⁷

719 2354 908 2427 ratic,
948 2376 1073 2436 qua
1099 2352 1355 2418 societas
1391 2357 1727 2420 hominum
1762 2359 1928 2419 inter
1962 2354 2152 2440 ipsos,

721 2479 785 2527 et
804 2466 967 2527 vitae
991 2467 1162 2548 quasi
1185 2471 1604 2531 communitas
1621 2472 2019 2532 continetur:
2044 2490 2159 2548 cug-

714 2566 821 2657 jus
848 2595 1053 2660 partes
1082 2581 1241 2642 duae
1267 2577 1442 2643 sunt:
1470 2581 1730 2661 justitia,
1769 2584 1837 2645 in
1872 2604 1997 2664 qua
2032 2583 2176 2689 vir-

725 2696 878 2757 tutis
915 2693 1210 2778 splendor
1242 2697 1333 2759 est
1359 2699 1708 2774 maximus3
1760 2720 1840 2761 ex
1876 2720 2001 2781 qua
2036 2698 2159 2759 viri

725 2808 878 2870 boni
896 2809 1341 2873 nominantur:
1369 2827 1431 2872 et
1453 2812 1602 2875 huic
1620 2812 1951 2892 conjuncta
1970 2813 2161 2874 bene-

721 2923 1023 3000 ficientia,
1054 2947 1243 3006 quam
1270 2927 1532 2990 eandem
1568 2930 1666 2990 vel
1700 2929 2164 3012 benignitatem

726 3039 826 3099 vel
854 3040 1292 3104 liberalitatem
1320 3044 1613 3125 appellari
1641 3045 1809 3106 licet.
1863 3042 1965 3105 sed
1984 3042 2167 3122 justi-

727 3153 848 3216 tiae
874 3154 1150 3236 primum
1173 3178 1409 3220 munus
1427 3157 1539 3236 est,
1554 3171 1630 3222 ut
1653 3177 1735 3221 ne
1754 3156 1857 3222 eui
1882 3156 2028 3239 quis.
2048 3176 2169 3221 no·
