2499 4196
669 430 778 488 ¹34
1106 415 1216 465 DE
1288 415 1694 465 orrtcus

658 541 900 602 tionem
928 553 989 603 et
1019 538 1307 624 Bardylis
1333 540 1586 625 Illyrius
1623 542 1813 617 latro,
1849 540 1927 602 de
1963 561 2087 622 quo

662 652 752 715 est
785 653 952 737 apud
985 652 1508 736 Theopompum,
1545 674 1764 738 mgnas
1801 674 1954 738 opes
1983 655 2093 714 ha·-

661 770 845 844 buit3
894 785 957 832 et
994 768 1197 832 multo
1234 769 1502 849 majores
1536 769 1819 833 Viriatus
1855 768 2093 831 Lufita-

659 908 804 963 nus,
859 887 962 950 cui
1000 888 1260 969 quidem
1310 886 1496 948 etiam
1548 887 1865 948 exercitus
1903 885 2094 947 nostri

655 999 1190 1085 imperatoresque
1227 999 1570 1076 cefferunt3
1622 1024 1814 1084 quem
1842 1001 1916 1064 C.
1945 999 2094 1062 Lae·

658 1116 807 1193 lius,
855 1115 929 1194 is,
978 1116 1092 1199 qui
1139 1115 1377 1199 sapiens
1425 1114 1793 1200 usurpatur,
1842 1132 2099 1199 praetor

657 1228 849 1313 fregit
872 1245 934 1293 et
963 1232 1365 1307 comminuit,
1401 1227 1930 1312 ferocitatemque
1969 1228 2101 1307 ejus

656 1347 745 1409 ita
772 1346 1076 1429 reprcffit,
1102 1361 1175 1409 ut
1201 1343 1385 1409 facile
1414 1346 1648 1408 bellum
1685 1346 1947 1426 reliquis
1976 1360 2102 1406 tra-

655 1459 850 1520 deret.
888 1480 1036 1521 cum
1059 1459 1253 1542 igitur
1281 1473 1454 1521 tanta
1481 1460 1573 1520 vis
1593 1458 1866 1538 justitiae
1892 1456 1991 1535 fit,
2024 1472 2101 1519 ut

652 1590 725 1631 ea
751 1572 937 1632 etiam
965 1571 1290 1635 latronum
1319 1592 1469 1654 opes
1507 1569 1721 1633 firmet
1758 1587 1950 1653 atque
1988 1591 2099 1632 au-

650 1700 813 1768 geat,
830 1701 1128 1767 quantam
1139 1685 1271 1765 ejus
1288 1687 1411 1748 vim
1431 1686 1589 1749 inter
1604 1688 1769 1769 leges
1784 1700 1845 1747 et
1859 1684 2101 1764 judicia

653 1812 714 1859 et
751 1799 816 1860 in
851 1799 1191 1861 constituta
1224 1798 1541 1882 republica
1571 1797 1714 1862 fore
1751 1796 2097 1881 putamus?

652 1910 822 1974 Mihi
851 1913 1109 1995 quidem
1138 1933 1271 1976 non
1301 1914 1470 1996 apud
1500 1914 1727 1976 Medos
1758 1911 1992 1990 solum,
2023 1927 2097 1976 ut
2126 1948 2175 1980 η

656 2027 743 2087 ait
779 2025 1176 2106 HerodotuS,
1231 2024 1336 2089 sed
1372 2030 1562 2090 etiam
1610 2028 1780 2112 apud
1827 2027 2099 2107 majores

653 2121 1218 2221 nostros,justitiae
1244 2141 1550 2206 fruendae
1576 2141 1776 2205 caussa
1792 2144 2101 2206 videntur

651 2256 808 2317 olim
844 2257 1002 2318 bene
1038 2259 1270 2320 morati
1305 2279 1482 2341 reges
1518 2258 1866 2321 constituti.
1922 2280 2097 2336 nam,

650 2391 799 2431 cum
834 2387 1233 2453 premeretur
1268 2374 1453 2455 inops
1490 2372 1844 2435 multitudo
1881 2372 1959 2435 ab
1997 2374 2097 2448 iis,

653 2484 766 2564 qui
794 2484 1057 2562 majores
1082 2506 1233 2567 opes
1263 2485 1601 2560 habebant,
1640 2485 1716 2548 ad
1750 2507 1957 2547 unum
1990 2485 2099 2547 ali-

650 2617 843 2676 quem
871 2596 1356 2681 confugiebant,
1390 2599 1623 2659 virtute
1652 2598 2095 2681 praestantem,

648 2708 782 2790 qui,
808 2730 953 2770 cum
979 2712 1340 2792 prohiberet
1370 2687 1591 2790 injuria
1622 2712 1967 2786 tenuiores„
1996 2731 2097 2771 ae-

647 2824 892 2906 quitate
918 2824 1359 2886 constituenda
1384 2823 1663 2887 summos
1684 2844 1831 2885 curn
1861 2821 2094 2883 infimis

645 2937 779 3019 pari
794 2936 939 3015 jure
964 2936 1298 3000 retinebat.
1329 2939 1680 3019 eademque
1704 2937 2097 3010 constituen-

645 3053 876 3115 darum
905 3054 1118 3136 legum
1140 3052 1265 3116 fuit
1295 3053 1499 3130 causa,
1526 3073 1686 3136 quae
1715 3026 1940 3135 regum
1961 3049 2098 3130 :jus

646 3172 815 3234 enim
839 3167 1080 3255 semper
1104 3171 1454 3254 quaesitum
1483 3172 1569 3235 est
1591 3170 1954 3253 aequabile;
1989 3192 2097 3236 ne·
