2499 4196
702 389 986 461 Limisa
1039 382 1480 459 TERTtbs.
1728 386 1847 495 193'

391 531 606 610 ‚distem
637 537 911 613 bonum,
946 534 1013 598 id
1045 547 1219 612 ¹certe
1262 533 1447 598 utile:
1493 532 1601 606 ita,
1651 532 1842 616 quid-³

394 653 552 734 <fuid
579 652 934 727 honestum,
961 651 1028 712 id
1053 649 1232 712 utile.
1286 669 1483 732 quare
1507 669 1693 711 error
1716 649 1840 710 hoa

392 764 643 827 minum
665 781 800 825 non
823 762 1196 844 proborum,
1212 778 1359 824 cum
1375 761 1639 843 aliquid,
1654 748 1836 843 quod

390 877 551 940 utile
585 873 785 938 visum
820 875 932 953 est,
967 876 1262 958 arripuit,
1299 873 1363 936 id
1398 874 1711 940 continuo
1748 871 1837 937 se·-

392 989 596 1051 cernit
612 988 689 1051 ab
709 987 998 1050 honesto.
1025 987 1176 1048 hine
1193 985 1372 1063 ficae,
1391 986 1541 1048 hinc
1564 1006 1831 1059 venena,

389 1100 544 1162 hinc
562 1098 711 1162 falsa
733 1101 1100 1163 testamenta
1118 1095 1494 1160 nascuntur:
1518 1098 1667 1158 hinc
1692 1094 1836 1159 fura

389 1228 479 1292 ta,
507 1218 853 1299 peculatus,
883 1213 1296 1296 expilationes
1325 1199 1831 1294 dlreptionesque'

384 1304 712 1390 seciorum
728 1341 791 1389 et
809 1327 1075 1389 civium:
1095 1325 1245 1387 hinc
1268 1344 1465 1407 opum·
1487 1325 1833 1386 nimiarum

383 1439 708 1521 potentiae
745 1453 877 1500 no‘n
911 1432 1246 1498 ferendae?
1282 1436 1604 1519 postremo
1639 1435 1830 1497 etiam

380 1550 449 1612 in
470 1550 676 1613 liberis
696 1550 1051 1614 civitatibus
1072 1550 1379 1636 regnandi
1396 1547 1693 1613 exsistunt
1715 1561 1829 1611 cu-²

380 1666 693 1750 piditates,
757 1667 989 1750 quibus
1038 1665 1198 1728 nihil
1232 1687 1348 1729 nec
1395 1665 1642 1740 tetriu3‚
1706 1665 1829 1726 nee

378 1777 635 1844 foedius
689 1781 1041 1863 excogitari
1094 1782 1329 1864 pote'st:
1389 1782 1827 1843 emolumenta

378 1891 553 1953 enim
606 1899 827 1953 rerum
877 1889 1205 1952 fallacibus
1255 1888 1512 1970 judiciis
1564 1889 1778 1952 vident
1794 1883 1830 1964 γ’

375 2009 678 2086 poenam,
704 2023 838 2064 non
867 2002 1012 2064 dieo
1038 2000 1276 2085 legum',
1305 2023 1460 2085 quas
1486 1997 1659 2085 saepe
1683 2019 1829 2083 per-

375 2124 715 2199 rumpunt,
750 2114 855 2178 sed
883 2116 1068 2200 ipfius
1095 2107 1539 2200 turpitudiniS‚
1568 2135 1731 2199 quae
1760 2133 1828 2178 a·
1884 2170 1897 2181 ,

375 2228 724 2292 cerbiffima
770 2231 878 2305 est,
934 2253 1064 2293 non
1109 2231 1353 2294 vident.
1413 2231 1826 2315 quamobrem

373 2342 499 2406 hoc
531 2342 788 2426 quidem
812 2344 1298 2408 deliberantium
1325 2366 1523 2430 genus
1548 2345 1825 2429 pellatur

376 2470 412 2517 e
447 2453 666 2518 medio
720 2450 831 2530 (est
866 2456 1037 2519 enim
1074 2438 1318 2520 toturn⁴
1348 2456 1708 2520 sceleratum
1756 2471 1824 2520 et

376 2568 701 2652 impium),
718 2571 826 2652 qui
842 2570 1213 2647 deliberant,
1227 2585 1453 2634 utrum
1473 2570 1538 2633 id
1561 2568 1825 2653 sequan-

377 2690 513 2759 tur,
567 2685 742 2766 quod·
782 2685 1117 2747 honestum
1162 2661 1279 2748 effe
1314 2685 1592 2762 videant,
1646 2706 1722 2747 an
1760 2682 1831 2749 Γᾶ

376 2794 641 2858 scientes
662 2794 890 2861 scelere
918 2800 1389 2864 contaminent:
1418 2800 1482 2861 in
1507 2799 1628 2881 ipsa
1648 2799 1824 2862 enim

378 2911 780 2975 dubitatione
828 2912 1074 2977 facinus
1107 2916 1289 2994 inest,
1331 2918 1524 2979 etiam
1558 2915 1604 2976 fi
1639 2916 1718 2978 ad
1753 2915 1819 2977 id

375 3040 512 3088 non
535 3026 956 3109 pervenerint.
986 3050 1140 3113 ergo
1163 3053 1235 3094 ea
1255 3033 1657 3097 deliberanda
1680 3050 1829 3095 om-‘

376 3139 538 3203 nino
569 3161 704 3205 non
740 3139 909 3223 sunt,
959 3144 1024 3206 in
1063 3145 1295 3225 quibus
1329 3146 1418 3209 est
1453 3147 1657 3232 turpis
1692 3142 1829 3229 ips-«x

1053 3244 1105 3306 B
1129 3247 1173 3309 b
