2499 4196
626 438 909 486 LIBER
969 435 1488 486 SECUNDUS.
1750 445 1858 503 115

399 576 512 626 tur
547 564 627 625 ad
659 561 845 626 usum
874 562 1158 625 nostrum
1192 558 1536 636 neceffarii,
1578 576 1693 620 nec
1722 555 1851 619 fer-

398 700 569 755 rum,
605 700 728 753 aes,
769 701 1024 754 aurum,
1077 694 1411 761 argentum
1448 676 1846 739 effoderetur

394 793 649 873 penitus
677 794 967 854 abditum
993 792 1120 853 fine
1149 791 1488 853 hominum
1526 792 1745 853 labore
1780 805 1842 851 et

307 938 340 978 4
393 925 610 966 manu.
695 904 894 967 Tecta
928 924 1105 979 vero,
1144 904 1374 985 quibus
1413 919 1475 965 et
1511 901 1835 985 frigorum

389 1022 481 1083 vis
505 1023 869 1104 pelleretur,
906 1036 968 1083 et
1000 1022 1285 1082 calorum
1317 1019 1631 1081 molestiae
1659 1015 1832 1079 seda-

388 1150 641 1211 rentur,
677 1135 850 1197 unde
895 1148 1005 1197 aut
1048 1134 1231 1194 initio
1281 1132 1496 1214 generi
1541 1131 1828 1192 humano

329 1244 342 1250 ’
387 1248 521 1309 dari
544 1247 911 1330 potuiffent,
936 1261 1044 1310 aut
1064 1247 1275 1328 postea
1289 1243 1623 1320 subveniri,
1648 1242 1694 1303 fi
1717 1260 1828 1305 ant

386 1362 448 1422 vi
476 1364 870 1445 tempestatiS,
909 1376 1018 1425 aut
1048 1375 1247 1426 ternae
1276 1376 1482 1436 motu,
1512 1375 1620 1422 aut
1645 1372 1824 1421 vetu-

380 1479 535 1541 state
560 1479 938 1556 cecidissent,
957 1479 1068 1540 nisi
1082 1478 1442 1542 communis
1456 1476 1581 1537 vita
1603 1477 1680 1538 ab
1698 1475 1821 1538 ho-

377 1596 648 1658 minibus
674 1593 895 1658 harum
918 1617 1133 1662 rerum
1154 1595 1388 1657 auxilia
1415 1605 1628 1675 petere
1655 1591 1818 1653 didi.

376 1707 587 1771 ciffet?
625 1710 785 1777 adde
833 1709 1059 1772 duetus
1093 1727 1432 1789 aquarum,
1469 1706 1812 1768 derivatio-

373 1847 481 1888 nes
504 1826 869 1901 fluminum,
893 1848 1196 1909 agrorum
1224 1824 1641 1905 irrigatione3‚
1669 1844 1812 1886 mo-

369 1937 456 2000 les
486 1938 799 2022 oppofitas
826 1940 1147 2014 fluetibus,
1182 1953 1406 2020 portus
1455 1960 1646 1999 manu
1676 1935 1811 1999 fac·
1878 2003 1897 2015 ,

369 2066 470 2116 tos
497 2078 517 2129 ς
556 2075 716 2138 quae
741 2054 914 2117 unde
938 2054 1064 2115 fine
1108 2052 1450 2115 hominum
1475 2073 1670 2136 opera
1695 2055 1806 2116 ha·

364 2167 514 2229 bere
537 2167 892 2250 poffemus'?
929 2189 1009 2230 ex
1039 2168 1268 2251 quibus
1297 2164 1640 2249 multisque
1669 2167 1805 2229 aliis

363 2281 769 2366 perspicuum
803 2286 913 2361 est,
950 2285 1061 2367 qui
1089 2282 1362 2361 frustm,
1401 2304 1688 2366 quaeque
1723 2305 1803 2345 u-

362 2399 619 2462 tilitates
641 2422 721 2463 ex
744 2402 932 2464 rebus
963 2402 1057 2478 iis,
1094 2422 1256 2483 quae
1285 2399 1429 2464 sunt
1461 2400 1797 2477 inanimae,

359 2517 813 2599 percipiantur,
841 2539 940 2581 eas
964 2539 1076 2580 nos
1103 2520 1280 2581 nullo
1302 2518 1498 2580 modo
1526 2517 1653 2579 fine
1680 2519 1797 2581 ho-

357 2633 606 2695 minum
628 2655 822 2695 manu
839 2648 1028 2715 atque
1053 2655 1246 2716 opera
1271 2653 1490 2716 capere
1504 2633 1792 2715 potuisse.

357 2751 468 2832 qui
505 2748 782 2830 denique
816 2770 895 2812 ex
921 2750 1125 2811 bestiis
1169 2748 1438 2826 fructu&
1474 2763 1582 2812 aut
1630 2772 1792 2834 quae

353 2854 921 2941 commoditas‚nifi
936 2865 1227 2927 homines
1240 2864 1631 2944 adjuvarent,
1647 2886 1792 2948 per-

350 2978 475 3061 cipi
501 2975 745 3061 poffet?
787 2999 935 3041 nam
963 2994 1025 3040 et
1069 2979 1172 3059 qui
1202 2980 1517 3061 principes
1545 2980 1788 3041 inveni·-

350 3074 499 3151 endi
526 3087 819 3161 fuerunt,
859 3112 1050 3173 quem
1079 3113 1159 3153 ex
1194 3113 1448 3175 quaque
1476 3093 1684 3156 bellua
1710 3116 1789 3159 u-

275 3199 276 3202 ’
349 3199 487 3267 sum
514 3203 750 3268 habere
780 3200 1120 3365 pofl‘emlps,
1155 3206 1451 3269 homines
1487 3220 1656 3268 certe
1685 3205 1790 3271 fu-

1100 3322 1136 3370 2
