2499 4196
712 411 1004 461 LIBER
1062 376 1441 463 PR1Mtjs.
1725 419 1797 477 61

352 533 550 597 entiae
586 554 839 619 pareat.
878 542 1029 602 haec
1057 539 1434 624 praescripta
1454 541 1803 610 servantem

355 649 494 711 licet
530 654 908 736 magnifice,
947 657 1244 737 graviter,
1282 644 1680 738 animoseque
1716 660 1807 717 vi-

355 786 535 840 vere3
564 783 766 848 atque
789 770 977 829 etiarn
999 760 1378 850 simpliciter,
1405 771 1701 845 fideliter,
1717 772 1809 831 vi-

283 892 593 960 notaeque
644 881 987 943 hominum
1025 883 1241 943 amice.
1368 883 1693 965 Sequitur,
1730 901 1805 948 ut

357 995 434 1056 de
463 1020 602 1059 una
625 1001 870 1095 rqliqua
896 1016 1072 1081 parte
1097 1002 1438 1063 honestatis
1463 1004 1804 1065 dicendum

360 1111 455 1186 fit,
479 1112 547 1172 in
573 1136 697 1194 qua
712 1117 1116 1190 verecundia,
1142 1131 1200 1176 et
1222 1117 1391 1197 quafi
1419 1118 1673 1197 quidam
1698 1139 1803 1179 or-

361 1238 551 1285 natus
579 1226 739 1286 vitae
769 1228 1189 1307 temperantia
1215 1241 1275 1287 et
1307 1229 1626 1299 modestia,
1667 1250 1806 1289 om-

366 1336 590 1418 nisque
628 1337 859 1401 sedatio
898 1341 1455 1421 perturbationum
1492 1341 1704 1413 animi,
1742 1356 1831 1403 et-

365 1476 584 1520 rerum
612 1456 839 1516 modus
864 1433 1163 1515 demitur.
1201 1457 1323 1516 hoc
1349 1456 1493 1516 loco
1519 1455 1806 1516 contine-

371 1587 480 1632 tur
505 1572 592 1646 id,
622 1572 794 1652 quod
827 1572 947 1632 dici
975 1571 1197 1632 Latine
1227 1572 1529 1633 decorum
1562 1573 1801 1652 potest3

374 1686 615 1746 Graece
651 1689 819 1747 enim
850 1686 1047 1768 πρέπον
1077 1689 1332 1749 dicitur.
1391 1687 1571 1765 hujus
1609 1688 1698 1746 vis
1734 1710 1805 1749 ea

373 1803 475 1875 est,
492 1817 562 1863 ut
587 1803 662 1863 ab
686 1803 955 1863 honesto
974 1824 1100 1863 non
1122 1818 1311 1883 queat
1332 1800 1628 1882 separari:
1658 1823 1803 1862 nam

374 1931 432 1975 et
463 1916 638 1996 quod
668 1916 845 1977 decet
877 1918 1212 1978 honestum
1246 1917 1356 1989 est,
1393 1932 1452 1974 et
1485 1915 1657 1993 quod
1687 1916 1806 1975 ho-

373 2031 614 2091 nestum
639 2032 723 2091 est
750 2032 948 2091 decet.
991 2030 1187 2112 qualis
1225 2047 1424 2088 autem
1456 2027 1807 2090 differentia

374 2141 1803 2221 fithonestietdecori,faciliusintelligi,quam

374 2258 689 2338 explanari
711 2257 947 2338 potest:
974 2256 1288 2336 quidquid
1308 2254 1392 2315 est
1416 2255 1606 2327 enim,
1627 2255 1804 2334 quod

375 2374 607 2445 deceat,
634 2374 692 2432 id
722 2388 862 2434 tum
885 2388 1163 2453 apparet,
1186 2392 1330 2431 cum
1361 2369 1697 2451 antegressa
1719 2371 1805 2432 est

374 2488 683 2548 honestas.
742 2486 953 2565 itaque
992 2505 1121 2543 non
1162 2481 1367 2550 solum,
1395 2484 1456 2540 in
1488 2483 1599 2540 hac
1631 2500 1805 2562 parte

373 2599 736 2673 honestatis,
774 2598 851 2658 de
890 2620 1013 2678 qua
1047 2598 1168 2657 hoc
1207 2597 1350 2655 loco
1381 2592 1803 2685 disset-endum

326 2695 333 2702 ⁶
375 2716 477 2787 est,
503 2714 606 2775 sed
638 2717 821 2776 etiam
857 2716 918 2776 in
948 2715 1146 2774 tribus
1178 2712 1625 2792 supe1·ioribu5‚
1649 2713 1804 2791 quid

374 2827 609 2900 deceat,
640 2841 934 2908 apparet:
972 2848 1113 2887 nam
1135 2842 1195 2886 et
1218 2827 1464 2886 ratione
1495 2825 1589 2886 uti
1615 2840 1804 2905 atquc

373 2940 659 3001 oratione
701 2941 1071 3021 prudenter,
1127 2954 1187 3000 et
1225 2961 1405 3022 agere
1445 2940 1615 3019 quod
1664 2960 1806 3020 agas

371 3056 786 3129 confidet-ate,
839 3056 1141 3136 omnique
1181 3055 1243 3114 in
1283 3075 1348 3114 re
1390 3055 1541 3134 quid
1573 3053 1644 3112 fit
1674 3053 1805 3116 veri

373 3168 578 3238 videre
605 3183 667 3231 et
698 3168 882 3244 tueri,
909 3166 1117 3229 decet:
1147 3181 1499 3248 contraque
1525 3163 1680 3243 falli,
1711 3186 1805 3230 er.
