2499 4196
683 431 763 492 ρ
1087 418 1714 467 nnorrxons

681 560 858 625 cepta
883 542 1233 605 traduntur
1268 544 1374 604 illa
1411 540 1672 624 quidem
1709 543 1809 625 (ut
1843 539 2158 628 facimuxuq

680 653 855 741 ipsi),
881 655 985 719 sed
1007 658 1096 719 rei
1118 659 1494 742 magnitudo
1518 655 1702 720 usum
1725 678 1985 739 quoque
2007 679 2119 720 ex·

682 771 1248 852 ercitationemque
1263 772 1589 832 defiderat.
1618 785 1809 852 atque
1833 772 1994 835 abiis
2016 792 2116 835 re-

682 889 822 959 bus»,
849 906 1009 968 quae
1033 883 1179 947 sunt
1204 887 1271 946 in
1290 885 1433 964 jure
1452 881 1763 947 societatis
1779 886 2117 963 humanae,

683 1000 1228 1081 quemadmodum
1245 999 2116 1083 ducaturhonestum,exquo

682 1126 903 1195 aptum
926 1110 1012 1173 est
1033 1109 1341 1180 officium,
1363 1109 1501 1173 satis
1525 1108 1657 1173 fere
1685 1111 1983 1175 diximus.
2019 1115 2118 1177 in-
2138 1126 2158 1159 ‘-

683 1229 1097 1313 colligendum
1116 1229 1203 1289 est
1224 1243 1463 1304 autem,
1480 1250 1626 1290 cum
1655 1229 1974 1311 propofita
1993 1228 2115 1293 fint

680 1367 911 1429 genera
938 1360 1243 1429 quatuor,
1282 1365 1315 1406 e
1340 1346 1570 1427 quibus
1599 1345 1888 1406 honestas
1911 1345 2114 1408 offici-

681 1481 917 1543 umque
952 1474 1258 1531 manaret,
1297 1458 1853 1541 splendidiffimum
1889 1460 2113 1532 videri,

682 1575 861 1656 quod
879 1574 1091 1634 animo
1106 1592 1332 1654 magno
1344 1575 1665 1655 elatoque,
1681 1574 2114 1662 humanasque

679 1706 782 1748 res
807 1684 1203 1767 despiciente,
1227 1687 1465 1750 facium
1493 1687 1584 1755 fit.
1622 1688 1835 1771 itaque
1863 1690 1928 1752 in
1964 1713 2115 1775 pro-

680 1801 809 1861 bris
845 1800 1121 1861 maxime
1154 1801 1219 1863 in
1256 1816 1560 1887 promptu
1594 1800 1704 1878 est,
1740 1803 1787 1864 fi
1814 1804 1964 1887 quid
1991 1806 2113 1868 tale

681 1913 803 1978 dici
832 1913 1070 1995 potest;

760 2052 862 2100 Vos
881 2051 1062 2101 etenim
1078 2052 1279 2129 iuvenes
1296 2049 1514 2103 animum
1534 2049 1703 2121 geritis
1726 2050 2040 2116 muliebrexm
2101 2052 2108 2059 ’

764 2134 851 2184 1112
870 2137 1039 2200 virago
1058 2133 1168 2185 viri.

683 2259 705 2293 ‘
732 2273 795 2321 et
821 2258 865 2319 fi
895 2260 1048 2341 quid
1074 2255 1381 2339 ejusmodi
1397 2258 1439 2333 ς’

1290 2395 1508 2456 Salmaci,

762 2479 843 2526 Da
861 2477 1010 2542 spolia
1176 2479 1273 2530 fine
1298 2478 1468 2528 sudore
1489 2491 1539 2528 et
1559 2479 1809 2547 sanguine.

683 2619 1028 2684 contraque
1045 2604 1108 2665 in
1126 2605 1607 2687 laudibu5,quae
1627 2626 1859 2689 magno
1871 2607 2109 2684 animo,

683 2733 749 2781 et
785 2714 1045 2778 fortiter
1076 2718 1586 2800 excellenterque
1622 2718 1787 2801 gesta
1812 2715 1977 2792 sunt,
2014 2740 2111 2797 ea,-

680 2829 892 2893 nescio
930 2831 1285 2912 quomodo,
1325 2832 1496 2914 quafi
1525 2832 1807 2915 pleniore
1836 2853 1949 2895 ore
1976 2834 2112 2896 lau-

683 2946 927 3007 damus·
982 2942 1131 3007 hinc
1157 2945 1492 3008 rhetorum
1519 2923 1775 3028 campus
1801 2947 1877 3008 de
1901 2946 2113 3009 Mara-

681 3062 901 3134 thone,
941 3057 1279 3138 Salamine,
1321 3060 1608 3137 Plataeis,
1642 3061 2112 3147 Thermopylis,

679 3172 999 3240 Leuctrisz
1038 3174 1189 3239 hinc
1213 3176 1425 3242 noster
1450 3176 1699 3257 Cocles,
1726 3175 1878 3253 hinc
1900 3176 2111 3255 Decii,
