2499 4196
643 383 761 427 κιο
1084 367 1197 419 DE
1258 369 1672 419 0111’10113

641 511 771 558 tur.
808 496 1158 558 tollendum
1181 496 1267 558 est
1290 495 1489 578 igitur
1502 515 1584 557 ex
1610 494 1799 558 rebus
1828 508 2094 558 contra-

640 611 870 674 hendis
886 633 1070 675 omne
1094 612 1516 674 mendacium.
1552 634 1687 675 non
1703 612 2089 698 licitatqrem

640 730 962 804 venditor,
987 750 1128 805 nec,
1163 728 1275 811 qui
1301 742 1527 789 contra
1550 725 1610 789 se
1633 729 1922 802 liceatur,
1950 748 2088 792 em-

640 854 749 904 tor
782 856 1096 925 apponet:
1128 856 1428 922 uterque,
1463 839 1509 900 fi
1545 841 1624 901 ad
1651 840 2101 922 eloquendum

634 957 903 1033 venerit,
920 977 1049 1018 non
1077 955 1239 1037 plus,
1266 975 1457 1035 quam
1480 950 1687 1029 semel,
1710 954 2081 1035 eloquemur.

637 1065 1007 1155 Qquidem
1036 1065 1359 1138 Scaevola,
1382 1063 1457 1125 P.
1480 1064 1669 1138 filius„
1692 1086 1842 1128 cnm
1856 1064 2085 1146 tpo'stu-

639 1180 835 1258 lasset,
868 1198 941 1244 ut
977 1181 1086 1243 fibi
1122 1178 1390 1252 fundus,
1438 1178 1618 1257 cujus
1655 1193 1889 1242 emtor
1923 1189 2085 1257 erat,-

636 1292 825 1356 semel
863 1294 1273 1367 indicaretur,
1311 1293 1507 1372 idque
1537 1291 1843 1353 venditor
1870 1292 1963 1356 ita
1992 1290 2088 1353 fe-

635 1403 839 1479 cifl‘et3
876 1407 1062 1481 dixit,
1111 1402 1171 1467 se
1220 1405 1419 1487 pluris
1447 1406 1800 1467 aestimare:
1836 1405 2086 1467 addidit

634 1534 892 1582 centum
918 1519 1133 1582 millia.
1168 1539 1360 1580 nemo
1377 1519 1487 1595 est,
1503 1521 1614 1601 qui
1633 1520 1757 1581 hoc
1780 1519 1932 1581 boni
1960 1518 2083 1580 viri

633 1631 815 1696 fuisse
845 1649 1053 1717 neget,
1089 1627 1381 1713 sapientis
1406 1648 1675 1715 negant3
1710 1645 1784 1695 ut
1808 1633 1849 1692 fi
1873 1633 2081 1694 mino-

630 1746 745 1824 ris,
767 1768 961 1830 quam
989 1741 1310 1829 potuiffet,
1337 1742 1730 1807 vendidiss‘et.
1784 1746 1936 1806 haec
1963 1746 2081 1828 igi·-

634 1874 746 1925 tur
770 1864 856 1926 est
887 1862 990 1925 ina
1014 1858 1342 1943 pernicies,
1374 1860 1552 1940 quod
1577 1858 1732 1920 alios
1760 1859 2087 1934 boneffia-

634 1976 754 2038 lios
784 1973 1086 2058 sapientes
1120 1971 1502 2047 existimant3
1538 1994 1617 2035 ex
1653 1992 1787 2054 quo
1812 1970 2085 2048 Ennius)

634 2089 656 2123 ‘
694 2088 1120 2171 nequicquam
1172 2083 1382 2169 sapere
1414 2083 1780 2169 sapientem,
1819 2086 1935 2169 qui
1974 2085 2084 2165 fibi

629 2202 651 2235 ‘
689 2201 799 2285 ipsi
830 2198 1113 2284 prodeffe
1138 2221 1270 2262 non
1300 2199 1479 2281 quit.'
1531 2220 1675 2260 vere
1703 2199 1767 2260 id
1798 2198 2084 2280 quidem,

629 2313 701 2390 fi,
733 2313 890 2397 quid
919 2311 1067 2376 effet
1103 2318 1121 2346 ‘
1146 2308 1473 2395 prodeffe,'
1508 2311 1665 2373 mihi
1692 2331 1840 2373 cum
1869 2309 2082 2372 Ennio

632 2427 1028 2489 conveniret.
1060 2423 1462 2487 Hecatonem
1480 2422 1736 2504 quidem
1750 2420 2082 2485 Rhodium

629 2537 1004 2623 discipulum
1054 2536 1362 2612 Panaetii,
1397 2535 1582 2598 video
1633 2537 1700 2596 in
1754 2534 1825 2595 iis
1879 2535 2078 2610 libris,

628 2670 794 2731 quos
826 2651 904 2712 de
940 2649 1165 2713 officiis
1200 2646 1436 2730 scripfit
1470 2646 1948 2736 QTuberoni,
1985 2647 2083 2707 di-

628 2785 797 2840 cere,
835 2770 853 2798 ‘
885 2762 1176 2847 sapientis
1207 2760 1351 2837 effe,
1386 2760 1546 2821 nihil
1580 2775 1807 2823 contra
1842 2780 2079 2836 mores,

623 2879 645 2912 ‘
683 2878 871 2961 leges,
908 2876 1193 2940 instituta
1220 2872 1588 2951 facientem,
1622 2874 1855 2936 habere
1886 2875 2083 2937 ratio-

629 2992 650 3024 ‘
690 3013 836 3054 nem
871 2994 963 3055 rei
997 2989 1357 3053 familiaris:
1414 3011 1623 3074 neque
1657 2992 1830 3052 enim
1872 2987 2079 3054 solum

626 3102 647 3145 ‘
683 3104 867 3171 nobis
879 3105 1097 3170 divites
1110 3102 1226 3171 ess'e
1245 3102 1674 3184 volumu5,sed
1690 3104 1921 3183 liberis,
1929 3126 2077 3190 pro-
