2499 4196
699 456 817 499 100
1137 443 1249 492 DE
1312 441 1722 492 051210118

693 582 1173 653 comparentur,
1217 565 1452 631 neceffe
1489 567 1595 629 est.
1674 566 1876 650 placet
1924 567 2119 650 igitur

691 686 933 766 aptiora
976 681 1093 746 effe
1130 698 1390 745 naturae
1439 702 1511 743 ea
1562 681 1794 757 officia,
1843 702 2006 763 quae
2042 704 2120 745 ex

691 801 1180 876 communitate,
1219 821 1411 883 quam
1435 819 1529 874 ea,
1558 819 1720 879 quae
1742 819 1822 860 ex
1848 800 2122 882 cogniti-.-

689 929 816 975 one
839 916 1188 976 ducantur-t
1218 915 1410 993 idque
1427 912 1552 973 hoc
1576 927 1951 993 argumento
1973 932 2124 974 con-

689 1023 926 1087 firmari
952 1026 1192 1108 potest;
1231 1025 1432 1106 quod,
1469 1024 1516 1085 fi
1544 1025 1876 1106 contigerit
1900 1044 1968 1087 ea
1994 1027 2120 1088 vita

689 1139 974 1225 sapienti,
1010 1158 1105 1220 ut,
1136 1142 1426 1206 omnium
1472 1162 1689 1203 rerum
1725 1139 2120 1204 affluentibus

689 1259 915 1340 copiis»,
948 1260 1226 1340 quamvis
1261 1257 1495 1329 omnia,
1552 1276 1713 1337 quae
1759 1256 2121 1337 cognitione

690 1372 883 1456 digna
910 1373 1056 1448 fint,
1091 1371 1343 1435 summo
1362 1369 1500 1432 otio
1524 1367 1733 1431 secum
1769 1366 1894 1452 ipse
1924 1367 2125 1431 confi-

691 1486 871 1547 deret
902 1499 963 1547 et
997 1486 1516 1566 contempletur3
1560 1498 1794 1560 tamen,
1828 1483 1874 1545 fi
1908 1482 2124 1550 solitu-.-

690 1599 779 1659 do
810 1609 977 1659 tanta
1000 1598 1097 1673 fit,
1129 1613 1205 1661 ut
1223 1598 1552 1660 hominem
1580 1599 1794 1660 videre
1822 1620 1954 1662 non
1984 1594 2124 1680 pos·

689 1709 786 1783 sit,
824 1709 1087 1772 excedat
1122 1732 1154 1772 e
1182 1711 1334 1772 vita.
1389 1708 1802 1792 princepsque
1836 1711 2123 1778 omnium

690 1826 1007 1887 virtutum
1029 1826 1132 1887 illa
1160 1824 1479 1909 sapientia,
1498 1848 1690 1906 quam
1711 1828 1907 1902 σοφίαν
1923 1826 2125 1888 Grae-

690 1943 748 2002 ci
778 1955 1031 2017 vocant,
1055 1937 1483 2024 (prudentiam
1504 1940 1698 2010 enim,
1720 1961 1912 2022 quam
1925 1938 2124 2003 Grae-

692 2053 751 2123 ei
788 2044 1046 2138 φρόνησιν,
1099 2055 1279 2118 aliam
1322 2053 1644 2138 quandam
1694 2052 2123 2136 intelligimus,

692 2190 853 2250 quae
892 2172 978 2232 est
1006 2165 1223 2234 rerum
1264 2171 1764 2255 expetendarum
1791 2168 2124 2252 fugienda-

691 2302 968 2367 rumque
1013 2282 1336 2368 scientia):
1398 2286 1503 2347 illa
1548 2298 1761 2349 autem
1808 2282 2124 2366 sapientia,

695 2418 887 2479 quam
923 2397 1273 2480 principem
1315 2398 1470 2472 dixi,
1508 2418 1724 2459 rerum
1772 2397 1857 2463 est
1883 2398 2125 2473 divina-5
2167 2422 2175 2427 ·

692 2533 840 2573 rum
877 2528 1069 2592 atque
1117 2513 1547 2573 humanarum
1582 2509 1867 2586 scientia,
1906 2513 1969 2572 in
2000 2532 2125 2593 qua

695 2624 1069 2686 continetur
1090 2626 1363 2687 deorum
1392 2640 1455 2687 et
1482 2625 1809 2687 hominum
1837 2632 2126 2687 commu-

694 2738 857 2799 nitas
876 2750 940 2796 et
963 2734 1219 2802 societas
1247 2739 1415 2801 inter
1449 2737 1647 2822 ipsos=
1686 2760 1757 2801 ea
1783 2739 1826 2799 fi
1854 2738 2124 2801 maxima

693 2850 806 2924 est,
863 2852 963 2931 (ut
1005 2849 1092 2913 cst
1138 2846 1359 2926 certe),
1409 2852 1644 2916 neceffie
1698 2854 1807 2930 est,
1862 2852 2044 2933 quod
2092 2872 2125 2913 a

695 2964 1153 3028 communitate
1208 2968 1483 3033 ducatur
1534 2968 1843 3041 officium,
1898 2969 1963 3028 id
2009 2962 2125 3027 effe

693 3080 1067 3142 maximum:
1094 3083 1324 3144 etenim
1346 3083 1624 3167 cognitio
1640 3081 2131 3165 contemplatio·

696 3216 819 3279 que
845 3211 1110 3263 naturae
1152 3221 1372 3265 manca
1396 3202 1676 3286 quodam
1709 3201 1902 3265 modo
1937 3214 2132 3284 atque
