2499 4196
644 409 719 467 ⁴2
1044 398 1678 465 Dnorrtetts

642 522 666 558 ⁸
695 542 841 585 men
870 522 1124 601 habeat,
1152 544 1343 606 quam
1364 520 1815 586 fortitudinis)
1867 520 2080 606 itaque

642 641 815 706 viros
849 636 1048 703 fortes
1082 654 1145 702 et
1187 641 1646 722 magnanimos,
1682 639 1935 704 eosdem
1964 641 2084 703 bo·

642 783 764 827 nos
790 776 851 822 et
879 759 1496 841 fimplices,veritatis
1523 760 1779 828 amicos,
1796 758 2083 819 minime-

646 897 772 957 que
807 873 1058 937 fallaces
1101 871 1218 937 effe
1254 875 1586 950 volumus;
1628 895 1789 955 quae
1825 869 1972 939 sunt
1995 894 2081 939 ex

644 992 847 1053 media
879 990 1065 1053 laude
1108 989 1404 1068 justitiae.
1459 988 1566 1053 sed
1598 991 1756 1052 illud
1790 986 2081 1059 odiofum

646 1105 756 1175 est,
795 1102 975 1185 quod
1010 1103 1073 1163 in
1103 1103 1221 1166 hac
1251 1102 1520 1167 elatione
1555 1116 1617 1165 et
1650 1100 2082 1184 magnitudine

645 1218 835 1280 animi
860 1214 1155 1278 facillime
1180 1214 1522 1299 pertinacia
1544 1229 1606 1276 et
1630 1215 1822 1279 nimia
1834 1211 2083 1294 cupidi-

645 1344 738 1391 tas
767 1328 1154 1413 principatus
1189 1326 1568 1391 innasciturz
1608 1343 1682 1391 ut
1710 1329 1881 1409 enim
1907 1318 2079 1409 apud
2167 1324 2168 1327 '

640 1441 980 1506 Platonem
1007 1441 1118 1517 est,
1158 1444 1176 1473 ‘
1206 1462 1469 1506 omnem
1495 1464 1741 1507 morem
1768 1442 2081 1507 Lacedae-

645 1558 665 1590 ‘
696 1556 1066 1619 moniorum
1096 1553 1566 1648 inflammatum
1592 1553 1708 1618 effe
1735 1555 2078 1637 cupiditate

644 1671 664 1701 ‘
696 1669 1044 1744 vincendi3'
1078 1668 1184 1744 fic,
1218 1684 1293 1731 ut
1318 1666 1584 1753 quisque
1619 1670 1811 1732 animi
1838 1667 2081 1751 magni-

644 1785 867 1848 tudine
902 1782 1172 1846 maxime
1210 1784 1484 1857 excellit,
1521 1785 1605 1847 ita
1640 1786 1910 1849 maxime
1939 1783 2079 1847 vult

642 1899 933 1981 princeps
967 1895 1284 1972 omnium,
1335 1897 1435 1959 vel
1473 1897 1688 1978 potius
1736 1895 1903 1963 solus
1938 1894 2078 1963 effe.

643 2012 899 2074 difficile
914 2025 1127 2075 autem
1150 2012 1261 2087 est,
1287 2032 1435 2075 cum
1455 2012 1761 2093 praestare
1788 2012 2079 2074 omnibus

642 2128 1064 2210 concupieris,
1103 2123 1347 2191 servare
1372 2128 1778 2211 aequitatem,
1805 2146 1964 2208 quae
1992 2126 2080 2190 est

632 2241 902 2323 justitiae
938 2241 1207 2308 maxime
1243 2243 1521 2324 propria.
1571 2264 1650 2305 ex
1694 2264 1826 2324 quo
1864 2241 1962 2317 fit,
2005 2258 2079 2304 ut

642 2375 850 2435 neque
875 2350 1328 2435 disceptatione
1352 2355 1518 2420 vinci
1540 2353 1624 2430 se,
1661 2376 1774 2417 nec
1801 2354 1938 2416 ullo
1960 2375 2080 2435 pu·

643 2467 808 2528 blico
833 2489 900 2527 ac
919 2465 1201 2548 legitimo
1208 2466 1354 2545 jure
1377 2468 1728 2547 patiantur3
1753 2466 2077 2559 exfistuntf

643 2602 768 2661 que
797 2583 862 2643 in
897 2583 1215 2664 republica
1251 2584 1628 2666 plerumque
1656 2585 1980 2668 largitores
2016 2596 2080 2644 et

641 2695 982 2771 fastiofimt
996 2718 1147 2779 opes
1167 2720 1358 2780 quam
1373 2701 1673 2766 maximas
1690 2698 2082 2782 consequan-

643 2820 772 2878 tur,
799 2822 862 2872 et
890 2808 1008 2871 fint
1043 2809 1105 2874 vi
1135 2811 1347 2893 potius
1377 2810 1746 2894 superiores,
1772 2834 1961 2893 quam
1975 2809 2082 2889 ju-

645 2920 807 2982 stitia
836 2941 1033 3001 pares.
1091 2919 1196 2984 sed
1219 2945 1350 3006 quo
1383 2924 1704 3001 difficilus‚
1739 2927 1863 2987 hoc
1900 2946 2078 3007 prae·

641 3032 867 3096 clarius
889 3057 902 3092 ε
939 3034 1189 3098 nullum
1209 3035 1297 3097 est
1314 3035 1484 3100 enim
1505 3054 1770 3120 tempuS,
1788 3037 2082 3119 quodju-

638 3147 803 3221 stitia
817 3170 1032 3216 vacare
1049 3150 1293 3222 debeat.
1323 3150 1525 3224 fortes
1542 3153 1727 3240 igitur
1746 3167 1807 3214 et
1826 3172 2083 3238 magna·
2117 3240 2122 3246 .
