2499 4196
631 361 742 420 §.322
1024 356 1661 411 nssorricixs

633 489 802 566 effet,
842 489 904 550 id
936 508 1012 549 ne
1034 486 1188 548 utile
1225 486 1486 567 quidem
1516 498 1930 568 putaverunt:
1967 483 2077 548 ‘toa

634 619 894 689 tamque
918 625 1052 664 eam
1076 621 1236 676 rem,
1262 622 1450 682 quam
1476 621 1553 662 ne
1577 603 1907 664 audierant
1932 603 2080 683 qui·

636 722 805 792 dem,
825 719 1079 783 auestore
1107 716 1379 778 Aristide
1406 718 1917 799 repudiaverunt.
1944 738 2081 779 me-

636 836 757 895 lius
787 835 874 907 hi,
924 853 1116 914 quam
1145 850 1285 902 nos»,
1338 831 1445 911 qui
1479 832 1708 913 piratas
1740 834 2077 906 immuneS,

637 947 838 1012 socios
866 946 1186 1029 veffigales
1222 947 1548 1013 habemuse.
1610 946 1872 1009 Maneat
1900 968 2080 1029 ergo,
2115 964 2174 1005 ιι·

637 1066 817 1147 quod
841 1077 1023 1146 turpe
1048 1062 1144 1137 fit,
1174 1061 1239 1123 id
1268 1080 1615 1142 numquam
1638 1061 1753 1126 effe
1776 1063 1968 1139 utile3
2001 1085 2084 1125 ne

639 1193 780 1240 tum
811 1179 1088 1260 quidem,
1127 1198 1273 1238 cum
1302 1176 1391 1251 id,
1427 1178 1607 1257 quod
1634 1179 1784 1240 utile
1811 1176 1927 1240 effe
1966 1202 2088 1261 pu-

637 1310 755 1371 teS,
786 1291 1142 1376 adipiscare.
1181 1293 1306 1354 hoc
1337 1293 1506 1353 enim
1529 1291 1755 1374 ipsum,
1785 1294 1940 1355 utile
1965 1315 2089 1375 pu·-

636 1423 794 1477 tare‚
819 1407 997 1489 quod
1027 1420 1212 1487 turpe
1241 1406 1338 1479 fit,
1366 1404 1798 1468 calamitosum
1831 1408 1938 1471 cst.
1979 1405 2088 1469 sed

639 1525 932 1586 incidunt
965 1521 1265 1606 (ut-supra
1287 1523 1446 1604 dixi)
1466 1521 1639 1607 saepe
1660 1523 1917 1596 cauffae,
1936 1543 2089 1586 cum

640 1661 994 1723 repugnare
1029 1639 1268 1701 utilitas
1303 1639 1614 1702 honestati
1650 1642 1961 1716 videatur,
2010 1650 2090 1702 ut

641 1754 1279 1820 animadvertendum
1313 1754 1412 1831 fit,
1453 1768 1848 1837 repugnetne
1880 1756 2089 1837 plane,

642 1895 725 1934 an
748 1870 930 1954 poffit
960 1891 1102 1932 cum
1134 1870 1455 1933 honestate
1479 1869 1807 1953 conjungi.
1834 1875 1966 1951 ejus
1985 1890 2093 1952 ge-

643 1990 808 2050 neris
831 1989 945 2049 hae
961 1985 1105 2050 sunt
1124 1986 1539 2070 quaestiones:
1573 1984 1617 2047 fi
1637 1986 1928 2069 (exempli
1951 2008 2096 2069 gra·
2128 2036 2139 2043 .

642 2097 756 2178 tia)
783 2105 880 2164 vir
914 2105 1120 2166 bonus
1155 2104 1554 2180 Alexandria
1586 2102 1901 2166 Rhodum
1923 2123 2096 2185 mag-

642 2242 797 2283 num
866 2220 1176 2284 frumenti
1245 2235 1581 2284 numerum
1643 2220 1968 2282 advexerit
2032 2221 2096 2280 in

615 2311 1059 2401 'Rhodiorum
1107 2337 1321 2421 inopia
1369 2351 1429 2400 et
1480 2336 1671 2413 fame,
1726 2336 2095 2418 summaque

645 2474 938 2517 annonae
963 2457 1255 2517 caritate:
1279 2455 1322 2515 fi
1349 2455 1512 2516 idem
1536 2452 1709 2530 sciat,
1734 2456 2094 2537 complures

647 2583 1033 2631 mercatores
1075 2570 1461 2632 Alexandria
1490 2567 1751 2646 solvisse,
1789 2567 2098 2650 navesque

647 2683 715 2745 in
739 2681 922 2744 cursu
951 2682 1275 2746 frumento
1305 2686 1579 2763 onustas,
1608 2701 1891 2769 petentes
1916 2684 2101 2747 Rho-

650 2798 831 2874 dum,
878 2798 1142 2873 viderit;
1195 2792 1557 2862 dicturusne
1594 2799 1668 2862 fit
1704 2800 1771 2861 id
1803 2798 2101 2879 Rhodiis,

647 2933 730 2974 an
767 2910 1011 2974 silentio
1045 2909 1229 2975 suum
1267 2935 1454 2996 quam
1492 2916 1771 2999 plurimo
1801 2916 2100 2977 venditu-

650 3022 801 3087 rus?
827 3023 1168 3108 sapientem
1187 3043 1248 3090 et
1270 3029 1515 3093 bonum
1533 3030 1738 3096 virum
1767 3030 2099 3114 fingimus:

646 3138 722 3204 de
789 3142 923 3223 ejus
988 3141 1442 3210 deliberatione
1510 3159 1573 3209 et
1638 3144 2100 3210 consultatione
