2499 4196
680 411 904 461 IBER
964 413 1490 463 SECUNDUS.
1714 404 1835 481 163⁴

373 554 526 616 tem,
553 551 631 603 ut
651 560 875 622 agrum
900 541 1116 602 multis
1137 538 1316 603 annis
1343 555 1452 601 aut
1481 540 1670 601 etiam
1694 536 1823 602 sae-

376 655 535 717 culis
570 670 718 718 ante
755 651 1110 736 poffeffum,
1147 656 1258 737 qui
1294 656 1553 715 nullum·
1578 654 1820 727 habuit,

299 788 356 832 23
378 766 632 841 habeat3
679 768 785 848 qui
822 780 1035 829 autem
1072 768 1319 843 habuit,
1356 765 1645 829 amittat?
1726 766 1825 826 Ac

377 895 648 963 propter
677 880 792 943 hoc
821 881 1086 960 injuriae
1110 903 1309 965 genus
1337 881 1825 945 Lacedaemonii
1908 862 1919 875 ⁹

378 990 780 1076 Lysandrum
815 992 1145 1076 Ephorum
1183 995 1598 1077 expulerunt:
1652 993 1824 1076 Agin

379 1128 624 1190 regem,
682 1109 859 1191 quod
903 1131 1257 1191 numquam
1292 1120 1474 1170 antea
1508 1110 1676 1192 apud
1713 1129 1823 1170 eos

378 1222 717 1297 acciderat,
742 1236 1159 1296 necaverunt3
1200 1243 1280 1283 ex
1304 1242 1508 1302 eoque
1539 1238 1825 1302 tempore

378 1344 588 1393 tantae
632 1330 980 1394 discordiae
1017 1329 1264 1394 secutae
1302 1330 1473 1409 sunt,
1516 1346 1591 1394 ut
1636 1348 1697 1393 et
1724 1344 1829 1411 -ty-

382 1446 568 1506 ranni
616 1445 1003 1521 exsisterent,
1052 1461 1112 1508 et
1151 1447 1490 1529 optimates
1526 1446 1827 1507 extermi-

381 1571 718 1635 narentur,
746 1572 806 1620 et
831 1559 1305 1641 praeclariffime
1331 1561 1676 1622 constituta
1700 1558 1830 1620 res-

381 1671 637 1753 publica
666 1672 1083 1735 dilaberetur:
1120 1695 1235 1735 nec
1271 1694 1422 1736 vero
1458 1670 1665 1734 solum
1698 1665 1829 1754 ipsa

329 1770 332 1773 ¹
383 1783 637 1860 cecidit,
690 1780 794 1846 sed
823 1786 1007 1847 etiam
1043 1786 1353 1868 reliquam
1391 1785 1725 1847 Graeciam
1764 1805 1831 1844 e-

381 1900 576 1961 vertit
631 1900 1115 1983 contagionibus
1172 1900 1516 1972 malorum,
1581 1916 1743 1979 quae
1798 1918 1834 1957 a

385 2008 900 2073 Lacedaemoniis
937 2008 1224 2093 profecta
1252 2020 1593 2093 manarunt
1622 2007 1832 2068 latius·

382 2122 589 2206 quid?
660 2125 900 2188 nostros
958 2122 1306 2200 GracchOS,
1369 2123 1516 2184 Tib.
1556 2120 1832 2184 Gracchi

384 2236 613 2301 summi
634 2241 753 2301 viri
774 2239 961 2315 filios,
989 2236 1280 2300 Africani
1304 2253 1590 2321 nepotes,
1616 2255 1833 2299 nonne

388 2356 668 2437 agrariae
724 2355 1165 2417 contentiones
1223 2355 1643 2436 perdiderunt
1678 2350 1701 2412 ?
1770 2363 1835 2411 at

387 2486 544 2528 vcro
571 2466 804 2528 Aratus
829 2465 1163 2549 Sicyonius
1183 2467 1328 2545 jure
1350 2466 1672 2540 laudatur,
1698 2464 1832 2545 qui,

388 2600 539 2644 cum
563 2577 695 2657 ejus
720 2579 930 2640 civitas
960 2580 1422 2660 quinquaginta
1450 2599 1651 2639 annos
1674 2599 1709 2639 a
1738 2590 1840 2658 ty-
1918 2596 1923 2600 ’

389 2690 608 2752 tannis
645 2703 989 2763 teneretur,
1031 2689 1353 2772 profectus
1393 2690 1586 2773 Argis
1617 2687 1839 2771 Sicyo·
1896 2729 1907 2737 -

393 2824 542 2866 nem
564 2803 950 2866 clandestino
975 2802 1242 2865 introitu
1274 2805 1431 2866 urbe
1454 2803 1541 2864 est
1565 2803 1839 2883 potitus:

390 2934 663 2996 cumque
707 2901 1054 2998 tyrannum
1107 2915 1439 2978 Nicoclem
1493 2910 1841 2994 improviso

389 3027 800 3111 oppreffiffet,
858 3026 1185 3090 sexcentos
1233 3025 1499 3101 exsulet-3,
1552 3027 1660 3107 qui
1698 3024 1841 3088 fue-

385 3153 533 3213 rant
560 3138 690 3219 ejus
720 3139 987 3205 civitatis
1011 3138 1496 3221 locupletiffimi‚
1536 3139 1836 3214 restituit,

1027 3237 1089 3300 X
1135 3257 1169 3303 2
