2499 4196
636 422 949 471 LIBER
1003 424 1415 473 PRIMUS.
1718 438 1752 495 ς

302 542 683 621 consentiat,
703 561 765 609 et
792 568 921 609 non
940 547 1266 610 interdum
1290 564 1552 612 naturae
1570 549 1758 612 boni-

300 674 422 721 tate
440 659 764 736 vincatur,
791 680 996 742 neque
1016 662 1358 724 amicitiam
1382 664 1590 726 colere
1614 660 1758 745 pos-

297 774 394 849 fit,
424 797 545 837 nec
563 774 898 855 justitiam,
928 798 1044 839 nec
1068 778 1537 842 liberalitatem:
1566 779 1756 843 fortis

298 914 476 965 vero,
493 893 798 955 dolorem
822 893 1142 957 summum
1165 888 1404 957 m‘alum
1420 894 1715 974 judicans
1732 922 1753 971 ς

299 1022 409 1067 aut
440 1022 833 1088 temperanS,
860 1008 1260 1090 voluptatem
1291 1008 1609 1072 summum
1640 1010 1756 1071 bo·

301 1139 460 1181 num
476 1121 786 1196 statuens,
809 1119 925 1182 effe
940 1135 1110 1182 certe
1127 1123 1304 1182 nullo
1318 1122 1516 1183 modo
1530 1123 1755 1204 potest.

304 1250 491 1311 quae,
523 1253 921 1314 quamquam
947 1234 1035 1294 ita
1060 1230 1208 1295 sunt
1233 1232 1299 1294 in
1327 1248 1659 1315 promptu,
1688 1249 1759 1298 ut

305 1363 402 1403 res
437 1340 872 1425 disputatione
908 1364 1042 1405 non
1079 1358 1282 1426 egeat,
1308 1342 1447 1406 sunt
1478 1359 1688 1408 tamen
1725 1368 1760 1410 a

305 1457 488 1517 nobis
523 1459 658 1518 alio
694 1457 841 1518 loco
881 1454 1216 1539 disputata.
1253 1458 1371 1517 hae
1399 1454 1760 1539 disciplinae

307 1570 526 1653 igitur,
565 1571 613 1632 fi
647 1572 759 1632 fibi
786 1570 1240 1635 consentaneae
1276 1568 1394 1634 effe
1425 1571 1643 1646 velint,
1681 1573 1759 1635 de

308 1685 530 1749 officio
555 1688 720 1748 nihil
747 1703 978 1769 queant
1001 1688 1246 1748 dicere:
1272 1706 1479 1766 neque
1505 1687 1635 1746 ulla
1662 1684 1761 1747 of-

307 1799 433 1863 ficii
481 1818 822 1887 praccepta
867 1801 1073 1876 firma,
1118 1802 1380 1877 stabilia,
1423 1800 1763 1879 conjuncta

312 1931 576 1978 naturae
616 1916 783 1983 tradi
818 1912 1094 1996 possunt,
1135 1913 1251 1974 nifi
1286 1928 1395 1975 aut
1432 1914 1507 1975 ab
1545 1914 1616 1974 iis
1652 1914 1764 1995 qui

314 2027 540 2105 solam,
581 2043 691 2091 aut
720 2029 797 2090 ab
824 2028 897 2089 iis
927 2028 1038 2110 qui
1067 2029 1339 2088 maxime
1369 2027 1764 2091 honestatem

320 2162 586 2225 propter
601 2140 656 2203 se
671 2142 884 2203 dicant
908 2142 1352 2221 expetendam.
1380 2140 1594 2221 itaque
1616 2162 1766 2222 pro-

319 2258 454 2338 pria
486 2257 575 2317 est
600 2277 673 2317 ea
700 2256 1059 2336 praeceptio
1095 2253 1481 2341 Stoicorum,
1520 2257 1766 2318 Acade-

319 2375 666 2446 micorum,
678 2370 1270 2453 Peripateticorum:
1287 2374 1579 2452 quoniam
1595 2372 1768 2433 Aris-

323 2489 518 2562 toniS‚
552 2485 930 2568 PyrrhoniS,
967 2485 1197 2546 Herilli
1223 2484 1356 2563 jam
1385 2486 1630 2566 pridem
1658 2507 1767 2547 ex-

324 2600 499 2684 plosa
533 2598 845 2662 sententia
879 2599 999 2674 est;
1057 2601 1163 2681 qui
1210 2616 1423 2660 tamen
1459 2601 1766 2662 haberent

319 2715 421 2794 Jus
459 2714 646 2778 suum
681 2713 1041 2796 disputandi
1078 2715 1155 2776 de
1191 2713 1433 2789 officie,
1469 2714 1514 2775 fi
1549 2737 1766 2778 rerum

325 2834 599 2914 aliquem
620 2831 933 2892 delectum
955 2828 1367 2911 reliquiffent,
1384 2845 1457 2892 ut
1483 2832 1561 2891 ad
1577 2831 1768 2893 officii

326 2945 764 3007 inventionem
794 2943 1000 3004 aditus
1023 2940 1185 3003 effet.
1223 2941 1557 3024 sequemur
1578 2944 1771 3026 igitur

327 3062 454 3122 hoc
471 3059 731 3141 quidem
750 3076 1058 3141 tempore,
1074 3074 1137 3120 et
1161 3059 1277 3119 hac
1303 3059 1368 3119 in
1382 3059 1770 3138 quaestione,

330 3175 725 3258 potiffimum
761 3173 1036 3251 Stoicoe,
1080 3196 1217 3238 non
1241 3190 1320 3239 ut
1347 3174 1771 3260 interprete53
