2499 4196
1624 307 1665 354 ι.

717 392 1001 448 LIBER
1058 386 1491 445 TERTIUS.
1706 394 1820 455 207

395 527 444 591 fi
467 525 867 609 vituperandi
896 523 1053 599 sunt,
1079 523 1188 605 qui
1209 523 1636 597 reticuerunt3
1676 520 1834 604 quid

399 647 478 708 de
509 646 577 706 iis
605 641 1091 704 existimandum
1115 639 1225 714 est,
1254 641 1364 720 qui
1394 638 1702 702 orationis
1730 659 1837 699 va-

395 764 656 825 nitatem
704 758 1171 821 adhibuerunt?
1230 754 1303 816 C.
1342 754 1598 831 Canius,
1646 757 1840 834 eques

394 875 720 946 Romanus
753 893 868 934 nec
907 868 1219 931 infacetus
1256 882 1317 931 et
1355 867 1497 932 satis
1532 845 1843 941 literatus,

399 1011 548 1053 cum
587 986 644 1050 se
689 983 1023 1070 Syracusas
1060 985 1304 1046 otiandi
1342 980 1439 1059 (ut
1471 984 1595 1069 ipse
1632 987 1842 1047 dicere

399 1100 687 1178 solebat),
706 1126 838 1166 non
861 1102 1228 1185 negotiandi
1247 1100 1444 1164 caussa
1461 1103 1847 1181 contuliffet,

403 1223 748 1297 dietitabat,
772 1219 829 1282 se
857 1219 1147 1280 hortulos
1171 1217 1418 1300 aliquos
1440 1221 1597 1282 velle
1621 1241 1849 1295 emere,

403 1360 538 1423 quo
575 1339 837 1400 invitare
884 1335 1144 1409 amicos,
1195 1348 1258 1395 et
1294 1335 1400 1397 ubi
1436 1332 1494 1397 se
1538 1338 1849 1400 obleetare

403 1459 533 1522 fine
580 1452 1160 1535 interpellatoribus
1208 1449 1416 1533 posset.
1479 1456 1654 1535 quod
1700 1476 1849 1518 cum

407 1568 911 1659 percrebruisset,
933 1567 1279 1651 Pythiusei
1304 1569 1587 1650 quidam,
1613 1573 1723 1653 qui
1750 1592 1853 1633 ar-

409 1689 752 1773 gentariam
777 1684 1014 1746 faceret
1041 1681 1381 1764 Syracufis,
1410 1683 1597 1759 dixit,
1628 1686 1855 1748 ‘vena-

415 1812 434 1839 ‘
471 1805 558 1864 les
587 1802 845 1884 quidem
875 1797 931 1860 se
962 1799 1189 1860 hortos
1216 1819 1349 1861 non
1370 1801 1624 1875 habere,
1652 1798 1758 1863 sed
1782 1804 1854 1864 li·

414 1918 436 1951 ‘
474 1939 612 1979 cere
646 1917 742 1979 uti
772 1915 1000 1988 Canio,
1038 1915 1083 1974 fi
1119 1914 1328 1990 vellet,
1364 1931 1436 1976 ut
1473 1912 1651 1990 suis;'
1685 1931 1744 1980 et
1779 1917 1858 1979 fi-

414 2034 551 2096 mul
581 2032 658 2094 ad
691 2051 949 2093 coenam
986 2030 1314 2092 hominem
1345 2030 1408 2090 in
1444 2030 1671 2094 hortos
1698 2031 1858 2093 invi-

415 2150 572 2213 tavit
610 2150 673 2210 in
711 2149 1032 2231 posterum
1070 2148 1260 2209 diem.
1304 2168 1449 2208 cum
1488 2148 1587 2210 ille
1624 2151 1862 2232 promi-

416 2264 600 2339 fiffet,
630 2280 763 2326 tum
790 2262 1082 2344 Pythius,
1122 2261 1231 2343 qui
1269 2259 1440 2335 effet,
1474 2274 1548 2323 ut
1577 2277 1859 2346 argenta·
1925 2284 1947 2327 ,·

418 2376 576 2457 rius»,
608 2381 772 2469 apud
799 2397 1017 2440 omnes
1042 2378 1298 2438 ordines
1319 2373 1646 2458 gratiosus,
1671 2373 1866 2460 pisca-

423 2513 593 2562 tores
623 2495 701 2556 ad
733 2490 790 2553 se
827 2493 1227 2567 convocavit,
1281 2506 1342 2552 et
1379 2491 1454 2551 ab
1482 2491 1577 2551 his
1614 2492 1862 2573 petivit,

419 2625 495 2673 ut
532 2622 677 2672 ante
708 2606 852 2669 suos
888 2608 1185 2669 hortulos
1227 2606 1524 2689 postridie
1562 2606 1867 2690 piscaren-

423 2744 552 2803 tur,
601 2726 917 2806 dixitque,
951 2724 1105 2805 quid
1142 2745 1249 2786 eos
1285 2722 1492 2785 facere
1528 2727 1736 2786 vellet.
1786 2726 1867 2787 ad

428 2864 690 2906 coenam
723 2858 1005 2923 ternpore
1039 2841 1211 2902 venit
1242 2839 1508 2903 Canius:
1549 2835 1871 2921 opipare‘a

425 2956 664 3041 Pythio
688 2969 1056 3037 apparatum
1082 2957 1475 3020 convivium:
1501 2958 1870 3039 cymbarum

427 3087 576 3137 ante
612 3074 834 3136 oculos
869 3074 1254 3136 multitudo:
1312 3096 1429 3155 pro
1474 3071 1532 3135 se
1585 3071 1873 3156 quisque,

430 3190 608 3275 quod
645 3204 923 3275 ceperat,
963 3189 1292 3256 afferebat:
1340 3202 1486 3254 ante
1528 3188 1717 3272 pedes
1749 3188 1873 3272 Py-
