2499 4196
729 446 1513 536 L1BERP¹R1Mus
1765 457 1843 528 9⁷

403 593 625 642 errore
657 579 807 642 duci
844 594 1127 662 oportet,
1162 594 1266 659 ut,
1296 581 1339 643 fi
1372 584 1528 664 quid
1557 579 1845 645 Socrates

407 711 518 757 aut
555 695 911 777 Aristippus
948 710 1173 758 contra
1209 717 1456 759 morem
1508 692 1850 759 consuetu-

408 807 753 887 dinemque
794 806 1039 867 civilem
1079 804 1347 869 fecerint
1380 810 1662 871 locutive
1695 806 1842 881 fint,

407 921 578 983 idem
609 921 718 980 fibi
746 920 1087 983 arbitretur
1110 920 1329 984 liceret
1364 925 1607 1006 magnis
1638 922 1751 997 iili,
1780 933 1846 981 et

401 1036 640 1097 divinis
681 1035 863 1098 bonis
898 1037 1062 1097 hanc
1088 1037 1404 1100 licentiam
1440 1037 1846 1120 affcqueban-

415 1166 545 1213 tur.
614 1149 1001 1232 Cynicorum
1029 1170 1181 1212 vero
1203 1152 1371 1214 ratio
1396 1167 1532 1215 tota
1557 1151 1644 1213 est
1673 1148 1843 1228 ejici-

407 1265 604 1326 enda:
655 1265 742 1326 est
773 1265 941 1327 enim
970 1264 1220 1326 inimica
1245 1264 1685 1338 verecundiae,
1720 1262 1846 1324 fine

406 1398 537 1458 qua
568 1377 728 1439 nihil
762 1377 1004 1439 redium
1028 1375 1145 1439 effe
1174 1377 1406 1459 potest,
1451 1377 1606 1441 nihil
1643 1377 1844 1437 hone-

409 1492 595 1552 stum.
659 1510 767 1552 eos
797 1506 1034 1567 autem,
1071 1511 1354 1572 quorum
1381 1493 1503 1553 vita
1530 1488 1839 1574 perspecta

410 1606 476 1665 in
504 1604 691 1666 rebus
725 1601 994 1666 honestis
1028 1617 1218 1685 atque
1253 1605 1493 1687 magnis
1539 1604 1651 1680 est,
1688 1604 1845 1668 bene

410 1719 488 1779 dc
525 1717 848 1799 republica
889 1714 1239 1795 sentientem,
1287 1739 1358 1781 ac
1395 1721 1555 1782 bene
1590 1719 1845 1781 meritos

409 1846 520 1893 aut
549 1847 883 1910 merentes»,
910 1832 1064 1894 ficut
1090 1833 1307 1913 aliquo
1332 1834 1575 1896 honore
1596 1846 1705 1896 aut
1731 1833 1846 1892 im·-

411 1949 591 2031 perio
634 1949 914 2024 affectos,
963 1945 1291 2010 observare
1328 1962 1388 2010 et
1426 1947 1633 2009 colere
1663 1947 1850 2008 debe-

309 2102 314 2117 ι
401 2085 596 2141 ,Πωη
633 2064 917 2127 tribuere
963 2064 1152 2126 etiam
1197 2063 1474 2125 multum
1502 2058 1846 2135 senectam

410 2181 625 2242 cedere
677 2182 771 2256 iis,
831 2182 941 2262 qui
993 2180 1427 2263 magistratum
1477 2181 1843 2253 habebunt5

412 2297 640 2358 habere
685 2296 1000 2358 delectum
1048 2294 1198 2355 civis
1240 2307 1303 2356 et
1352 2294 1713 2376 peregrini3
1776 2294 1844 2357 in

414 2409 678 2494 ipsoque
728 2410 1089 2493 peregrino,
1150 2409 1528 2491 privatimne
1587 2428 1664 2471 an
1727 2429 1847 2491 pu-

413 2526 573 2586 blice
634 2525 878 2585 venerit
921 2548 937 2585 =
1010 2523 1089 2585 ad
1144 2520 1454 2585 summam
1511 2518 1618 2597 (ne
1668 2538 1848 2606 agam

415 2639 495 2700 de
555 2633 863 2720 singulis),
933 2656 1341 2698 communem
1408 2638 1611 2699 totius
1662 2658 1851 2721 gene-

411 2751 496 2811 'ris
551 2750 891 2811 hominurn
939 2748 1445 2810 conciliationem
1513 2762 1579 2809 et
1628 2747 1851 2813 conso·

415 2863 745 2927 ciationem
776 2863 1006 2937 colere,
1038 2862 1221 2937 tueri,
1257 2858 1499 2923 servare
1525 2862 1848 2927 debemus,

329 2990 391 3031 ⁴2
414 2977 560 3058 Jam
597 2977 674 3038 de
713 2976 987 3036 artificiis
1039 2990 1102 3036 et
1139 2976 1517 3055 quaestibuS,
1554 2977 1666 3057 qui
1697 2977 1851 3038 libe-

415 3095 573 3156 rales
602 3091 899 3167 habendi,
939 3090 1049 3172 qui
1078 3087 1316 3151 sordidi
1351 3090 1496 3166 fint,
1533 3092 1686 3153 haec
1716 3088 1851 3162 fere

325 3280 331 3285 ⁴
415 3206 788 3291 accepimus.
829 3206 1104 3289 primurn
1135 3206 1584 3290 improbantur
1605 3205 1853 3289 iiquae-

1093 3303 1160 3367 N
