2499 4196
728 417 1039 464 LIBER
1095 418 1507 466 PRIMUS.
1761 431 1828 488 5¹

386 534 678 605 manibus
715 542 1272 605 audacissimorum
1307 543 1543 604 civium
1589 540 1834 625 delapsa

387 674 559 718 arma
580 654 704 738 ipsa
723 660 1113 719 ceciderunt.
1153 678 1315 739 quae
1339 679 1436 719 res
1457 657 1650 738 igitur
1667 659 1837 741 gesta

385 795 697 855 umquam
744 775 807 834 in
844 775 1014 835 bello
1050 775 1270 834 tanta?
1312 773 1424 853 qui
1469 772 1839 855 triumphus

386 883 861 947 conferendus?
898 887 1043 946 licet
1064 885 1233 947 enim
1263 886 1442 958 mihi,
1475 883 1688 945 Marce
1718 884 1834 959 fili,

387 999 559 1079 apud
597 1013 658 1058 te
692 999 975 1080 gloriari,
1026 999 1104 1060 ad
1153 1018 1348 1079 quem
1384 1013 1445 1058 et
1478 998 1832 1059 haereditas

386 1111 574 1188 hujus
601 1112 855 1192 gloriae,
887 1129 946 1172 et
970 1109 1291 1172 hetorum
1327 1110 1601 1171 imitatio
1639 1112 1836 1192 perti-

387 1237 519 1282 net.
571 1224 728 1283 mihi
754 1226 1007 1305 quidem
1035 1223 1326 1286 certe-vir
1352 1223 1679 1284 abundans
1702 1224 1836 1283 bel-

384 1335 515 1397 licis
544 1337 834 1400 laudibus
865 1338 986 1400 Cn.
1016 1338 1387 1419 Pompeius,
1414 1336 1624 1398 multis
1651 1339 1837 1398 audi-

386 1450 662 1524 entibuS,
708 1452 833 1513 hoc
872 1451 1120 1525 tribuit,
1146 1465 1221 1514 ut
1256 1451 1513 1526 diceret,
1551 1452 1572 1483 ‘
1596 1447 1834 1512 frustra

388 1568 405 1596 ‘
432 1563 494 1626 ‚se
521 1566 917 1647 triumphum
938 1568 1199 1631 tertium
1219 1564 1707 1646 deportaturum
1726 1562 1834 1626 fu-

385 1679 405 1710 ‘
435 1676 558 1750 iffe,
583 1679 716 1753 nifi,
741 1700 882 1740 meo
912 1680 976 1741 in
1006 1680 1464 1760 rempublicam
1489 1678 1827 1754 beneficiO,

389 1796 407 1823 ‘
436 1794 549 1853 ubi
584 1794 1006 1874 triumpharet
1057 1790 1203 1855 effet
1236 1794 1621 1858 habiturus)
1683 1790 1831 1855 sunt

388 1900 990 1983 igitur'domestieae
1019 1902 1430 1967 fortitudines
1457 1925 1589 1967 non
1613 1904 1837 1965 inferi-

390 2034 532 2082 ores
583 2017 1000 2090 m'ilitaribus3
1057 2017 1122 2078 in
1161 2017 1391 2098 quibus
1439 2019 1578 2100 plus
1621 2017 1834 2093 etiam,

392 2152 582 2212 quam
606 2130 670 2191 in
698 2131 821 2204 his,
858 2152 1088 2212 operae
1126 2128 1440 2211 studiique
1466 2133 1836 2214 ponendum

301 2266 365 2309 23
393 2244 503 2306 est.
604 2242 894 2308 Omnino
930 2243 1088 2305 illud
1126 2245 1487 2314 honestum,
1538 2246 1716 2326 quod
1756 2266 1836 2308 ex

390 2355 603 2420 animo
640 2355 884 2418 excelso
932 2357 1397 2440 magnificoque
1448 2362 1833 2442 quaerimus,

388 2466 579 2527 animi
609 2466 905 2542 efficitur,
936 2489 1066 2529 non
1093 2471 1381 2550 corporis
1411 2472 1670 2534 viribus·
1725 2494 1834 2534 ex·

388 2581 733 2642 ercendum
748 2600 958 2644 tamen
977 2604 1231 2664 corpuS,
1249 2599 1311 2645 et
1329 2586 1409 2646 ita
1426 2585 1834 2648 afficiendum

389 2698 499 2770 est,
535 2715 607 2759 ut
645 2699 902 2759 obedire
950 2700 1211 2761 consilio
1247 2702 1609 2782 rationique
1646 2702 1834 2783 poffit

374 2813 449 2878 ,in
479 2812 892 2895 exsequendis
931 2814 1200 2896 negotiis
1230 2828 1293 2876 et
1331 2817 1396 2876 in
1427 2816 1644 2877 labore
1677 2817 1836 2879 tole·

386 2928 614 2991 tando,
669 2929 1005 2989 honestum
1036 2928 1362 3003 autemid,
1404 2929 1583 3009 quod
1609 2929 1835 3010 exqui-

384 3043 609 3117 rimuS,
641 3055 852 3104 totum
877 3042 963 3103 est
986 3041 1254 3123 positum
1289 3042 1350 3103 in
1377 3042 1569 3104 animi
1591 3063 1744 3103 cura
1772 3062 1836 3108 et

382 3158 806 3242 cogitatione:
842 3156 905 3219 in
935 3177 1067 3240 quo
1098 3177 1231 3219 non
1258 3158 1576 3221 minorem
1601 3158 1832 3225 utilita-

1023 3254 1168 3321 G2
