2499 4196
691 374 1255 454 ERASML
1629 366 1705 454 ὦ

268 538 408 595 cant,
454 537 512 582 et
553 522 628 582 ad
667 538 880 583 morum
915 523 1281 601 integritatem
1322 521 1702 582 officientibus.

270 648 367 705 ego
391 646 524 687 vero
553 626 750 704 dignos
780 620 1022 695 censens,
1045 647 1182 706 quos
1204 642 1261 684 et
1281 625 1531 685 omnibus
1550 625 1605 683 in
1622 623 1729 707 lus

273 734 358 792 dis
394 730 710 811 praelegant
750 727 1139 789 adolescentiae
1165 729 1490 798 literatores„
1535 746 1590 786 et
1617 724 1730 807 fibij

273 834 450 912 legant
468 833 820 913 relegantque
846 831 1020 905 senez
1060 853 1197 912 quos
1228 832 1360 891 olim
1384 828 1736 919 emaculat033

275 938 368 997 tihi
393 939 597 1008 meavi,
622 958 764 996 nunc
799 938 979 996 denuo
1004 937 1151 1007 dico,
1181 956 1291 995 non
1317 935 1489 996 solum
1518 920 1715 1014 purga-

275 1041 462 1111 tioreS,
505 1058 695 1101 verum
723 1042 885 1099 etiam
914 1041 1148 1100 metatio
1183 1041 1509 1100 cumulatos,
1551 1037 1716 1119 fiqui-

279 1145 404 1204 dem
427 1145 728 1223 adjecimus
751 1142 994 1202 lssiellum
1022 1146 1093 1202 de
1119 1142 1374 1215 amicitia,
1397 1142 1625 1203 alterum
1648 1143 1721 1199 de

279 1244 571 1314 senedhtte,
594 1247 815 1308 tertium
842 1245 914 1304 de
934 1247 1245 1324 paradoxis,
1275 1264 1435 1328 atque
1456 1248 1512 1306 in
1534 1265 1725 1305 omnes

279 1349 752 1410 annotatiunculas
783 1347 1059 1430 quasdam,
1101 1352 1289 1410 breves
1318 1352 1542 1432 quidem
1581 1349 1728 1418 illas,

283 1450 375 1511 sed
394 1453 450 1510 ni
472 1450 636 1510 fallor
655 1454 803 1511 haud
824 1475 1090 1533 quaquam
1114 1455 1509 1526 incommoda,
1528 1455 1584 1512 in
1606 1452 1730 1535 qui-

283 1554 386 1612 bus
413 1556 528 1615 hoc
550 1552 869 1632 potissimum
897 1557 1128 1634 agimuS,
1158 1575 1218 1616 ut
1247 1558 1591 1636 quorundam
1611 1576 1732 1615 mo-

285 1655 461 1716 rosam
506 1657 564 1715 in
610 1658 843 1716 dicendo
889 1656 1315 1738 superstitionem
1359 1662 1735 1730 retundamuS,

287 1762 384 1840 qui
418 1760 493 1819 ad
516 1758 745 1838 fingulas
766 1783 902 1841 pene
929 1782 1090 1822 voces
1125 1762 1493 1824 reclamitant:
1525 1785 1636 1823 non
1660 1762 1739 1823 est

291 1863 589 1933 Latinum,
619 1883 727 1922 non
750 1865 1011 1942 reperitur
1039 1865 1182 1942 apud
1210 1868 1406 1944 probos
1436 1864 1741 1944 scriptores.

291 1971 368 2029 ad
394 1973 535 2028 haec
562 1970 785 2027 mendas
814 1967 1025 2047 aliquot
1050 1969 1411 2046 prodidimus,
1454 1972 1680 2028 antehac
1712 1990 1747 2031 a

295 2074 544 2144 nemine,
572 2074 719 2153 q'uod
745 2071 932 2144 sciam,
954 2073 1365 2134 animadversas,
1407 2072 1658 2154 superest,
1681 2090 1746 2135 ut
1826 2058 1839 2071 ’Χ

298 2177 772 2255 quemadmodum
794 2176 927 2251 mihi
947 2176 1002 2234 in
1022 2177 1127 2235 hoc
1149 2175 1329 2235 labore
1350 2176 1598 2247 versanti,
1619 2176 1746 2237 Tu-

301 2291 397 2334 tor
440 2275 647 2355 semper
684 2279 755 2335 ob
794 2278 984 2337 oculos
1027 2276 1350 2349 versabatur,
1394 2280 1473 2340 ita
1496 2279 1594 2338 tibi
1623 2299 1751 2337 cum
1790 2343 1793 2346 Δ

301 2380 445 2437 haee
471 2377 644 2455 legeS,
669 2376 925 2439 Erasmus
947 2380 1002 2437 in
1024 2397 1261 2438 mentem
1289 2381 1489 2451 veniat,
1517 2381 1598 2440 tui
1628 2398 1755 2438 cum

306 2480 504 2558 primis
531 2497 587 2537 et
609 2499 792 2538 amans
816 2498 871 2539 et
891 2478 1173 2540 studiosus.
1217 2483 1357 2540 bene
1383 2480 1522 2540 vale.
1566 2479 1754 2539 Lova-

309 2582 416 2654 nii,
447 2598 643 2662 quarto
668 2581 802 2645 Idus
823 2584 1186 2666 Septembres,
1205 2605 1348 2647 anno
1364 2582 1454 2647 M.
1475 2584 1559 2648 D.
1579 2584 1757 2647 XIX.
