2499 4196
725 451 798 524 58
1123 456 1756 509 »normanis

718 579 988 662 punitur
1022 579 1321 663 aliquem,
1366 596 1471 645 aut
1505 585 1709 648 verbis
1739 584 2012 666 castigat,
2050 581 2161 646 sed

720 691 801 755 ad
815 692 1184 773 reipublicae
1198 694 1533 761 utilitatem
1551 694 1791 758 referri.
1811 695 2161 760 cavendum

720 807 808 866 est
835 805 1041 875 etiam,
1070 827 1148 867 ne
1174 806 1374 884 major
1399 828 1599 889 poena
1623 829 1816 891 quam
1839 807 2021 889 culpa
2045 807 2118 883 fit
2140 830 2167 880 3

718 933 783 981 et
814 940 890 980 ue
917 917 1131 982 iisdem
1162 921 1239 982 de
1272 921 1489 982 cauffis
1512 921 1612 983 alii
1641 921 2020 1003 pled'tantur,
2050 919 2161 981 alii

720 1054 801 1093 ne
848 1033 1241 1115 appellentur
1277 1034 1557 1116 quidem.
1610 1033 2007 1118 prohibenda
2042 1053 2158 1099 au-

722 1165 852 1209 tem
887 1149 1158 1215 maxime
1194 1149 1282 1210 est
1318 1150 1408 1212 ira
1444 1150 1509 1212 in
1560 1150 1915 1233 puniendo:
1966 1170 2161 1217 num-

719 1287 912 1348 quam
939 1265 1132 1339 enim,
1150 1266 1345 1328 iratus
1364 1269 1474 1349 qui
1492 1269 1728 1329 accedit
1758 1267 1835 1341 ad
1853 1287 2154 1349 poenam,

719 1381 1218 1444 mediocritatem
1249 1382 1418 1443 illam
1456 1383 1719 1458 tenebit,
1758 1404 1919 1465 quae
1942 1382 2028 1444 est
2058 1383 2161 1442 in-

719 1508 818 1556 ter
851 1495 1117 1555 nimium
1153 1511 1212 1555 et
1249 1517 1512 1577 parum3
1551 1517 1709 1577 quae
1747 1496 1945 1578 placet
1979 1494 2162 1559 Peri-

719 1611 1040 1694 pateticis;
1081 1625 1144 1672 et
1174 1612 1337 1673 recte
1362 1614 1589 1694 placet,
1617 1612 1813 1674 modo
1839 1633 1916 1673 ne
1939 1612 2163 1674 lauda-

718 1740 864 1790 rent
893 1727 1308 1801 iracundiam,
1339 1743 1399 1787 et
1423 1727 1702 1789 dicerent
1728 1727 1967 1787 utiliter
1989 1748 2023 1787 a
2045 1748 2162 1786 na-

721 1859 866 1904 tura
886 1841 1123 1902 datam:
1152 1842 1255 1903 illa
1272 1862 1422 1904 vero
1448 1843 1741 1904 omnibus
1767 1841 1829 1902 in
1852 1842 2038 1902 rebus
2057 1862 2162 1901 re-

719 1958 1040 2041 pudianda
1054 1958 1171 2031 est3
1199 1958 1675 2039 optandumque
1690 1972 1761 2019 ut
1776 1957 1840 2033 ii,
1855 1959 1963 2040 qui
1977 1979 2162 2041 prae·-

719 2069 867 2134 sunt
903 2069 1301 2153 reipublicae,
1331 2069 1541 2152 legum
1575 2069 1799 2134 fimiles
1823 2068 1960 2143 sint,
1993 2091 2161 2152 quae

720 2186 798 2247 ad
829 2184 1218 2266 puniendum
1257 2203 1387 2245 non
1426 2183 1772 2259 iracundia,
1810 2180 1912 2243 sed
1941 2184 2162 2264 aequi-

719 2312 850 2359 tate
886 2297 1236 2359 ducuntur.
1367 2296 1592 2378 Atque
1641 2299 1826 2359 etiam
1874 2299 1937 2359 in
1971 2298 2159 2360 rebus

717 2406 1053 2489 prosperis,
1101 2424 1161 2468 et
1192 2407 1272 2469 ad
1307 2406 1699 2468 voluntatem
1728 2409 2008 2496 nostram
2032 2408 2163 2471 flu·
2262 2461 2265 2471 ,

718 2521 993 2598 entibuS,
1025 2519 1403 2604 superbiam,
1431 2519 1774 2595 fastidium,
1804 2522 2163 2605 arroganti-

719 2657 949 2716 amque
973 2657 1359 2719 magnopere
1384 2633 1719 2717 fugiamus,
1776 2658 1922 2697 nam
1949 2652 2023 2698 ut
2047 2637 2163 2698 ad-

720 2748 922 2811 versas
945 2771 1067 2825 reS,
1092 2750 1171 2811 fic
1202 2748 1502 2812 secundas
1523 2751 1936 2812 immoderate
1961 2727 2158 2826 ferre,

717 2862 988 2926 levitatis
1010 2866 1127 2926 est:
1166 2867 1608 2947 praeclaraque
1638 2866 1723 2926 est
1752 2865 2160 2946 aequabilitas

716 2976 783 3038 in
804 2980 984 3041 omni
996 2980 1145 3056 vita,
1164 2997 1225 3041 et
1242 2981 1409 3041 idem
1427 2977 1667 3062 semper
1682 2981 1895 3042 vultus
1908 2980 2165 3042 eadem-

717 3111 842 3170 que
873 3090 1097 3166 frons;
1134 3106 1208 3155 ut
1233 3093 1312 3154 de
1337 3091 1619 3166 Socrate,
1659 3092 1935 3174 itemque
1971 3093 2048 3154 de
2077 3093 2159 3156 C.

716 3199 933 3265 Laelio
947 3204 1318 3289 accepimus.
1343 3203 1705 3289 Philippum
1721 3206 2003 3288 quidem,
2019 3206 2165 3270 Ma·
