2499 4196
689 431 770 493 ,ο
1018 412 1812 493 ‘naon-iens.

683 547 861 609 ribus
896 565 1158 629 magnae
1188 543 1715 608 diffimilitudines
1752 540 1918 621 sunt,
1947 544 2134 627 (alios

685 661 858 726 enim
887 658 1169 721 videmus
1198 658 1530 721 velocitate
1559 660 1637 721 ad
1666 656 1944 732 cursum,
1973 659 2134 721 alios

691 775 924 843 viribus
963 772 1042 835 ad
1078 773 1447 835 luctandum
1475 774 1720 848 valere;
1758 774 2039 855 itemque
2062 772 2135 835 in

683 888 913 961 formis
936 888 1067 949 aliis
1097 890 1471 969 dignitatem
1501 888 1712 964 ineffe,
1750 889 1880 950 aliis
1905 884 2136 953 venus,

682 1000 908 1077 tatem)
926 1001 1006 1064 fic
1024 1004 1088 1064 in
1102 1002 1325 1064 animis
1343 1000 1641 1065 exfistunt
1659 1002 1926 1081 majores
1941 1001 2133 1063 etiam

684 1118 1045 1186 varietatem
1081 1131 1214 1180 erat
1247 1117 1313 1178 in
1339 1116 1415 1178 L.
1447 1114 1664 1179 Craffo
1692 1134 1754 1179 et
1779 1118 1846 1179 in
1873 1116 1949 1179 L.
1977 1113 2136 1177 Phi.-

680 1233 860 1317 lippo
896 1235 1137 1297 multus
1163 1234 1378 1316 lepos:
1415 1232 1619 1311 major
1652 1234 1866 1307 ctiam,
1905 1227 2136 1314 magifi-

683 1371 810 1434 que
838 1351 916 1412 de
944 1352 1270 1426 industria,
1320 1352 1387 1413 in
1414 1348 1468 1413 C
1520 1348 1802 1423 Caesare,
1840 1348 1916 1412 L.
1954 1348 2132 1411 filio:

680 1476 748 1525 at
782 1460 1000 1525 iisdem
1038 1466 1434 1545 temporibus
1463 1464 1530 1527 in
1561 1464 1657 1526 M.
1686 1464 1930 1553 Scauro
1965 1479 2025 1525 et
2060 1462 2133 1524 in

681 1572 779 1636 M.
796 1573 1008 1639 Druso
1032 1573 1426 1640 adolescente
1453 1577 1780 1661 fingularis
1805 1577 2130 1641 severitas:

678 1685 745 1749 in
772 1687 850 1750 C.
881 1687 1099 1751 Laelio
1121 1689 1320 1751 multa
1347 1690 1665 1765 hilaritas3
1698 1689 1759 1751 in
1784 1689 1917 1769 ejus
1946 1684 2134 1749 fami·-

679 1804 822 1867 liari
847 1803 1140 1888 Scipione
1169 1805 1434 1869 ambitio
1457 1806 1684 1885 major,
1713 1806 1841 1867 vita
1865 1804 2128 1866 tristior.

682 1918 763 1979 de
780 1916 1036 1997 Graecis
1054 1932 1291 1995 autem,
1306 1918 1556 1980 dulcem
1579 1931 1642 1979 et
1669 1916 1976 1989 facetum,
2004 1913 2130 1978 fes-

681 2030 924 2113 tivique
953 2027 1284 2108 sermonis,
1313 2047 1502 2113 atque
1519 2032 1591 2092 in
1629 2033 1806 2093 omni
1837 2030 2129 2093 oratione

682 2144 1228 2214 diffimulatorem.
1252 2165 1444 2226 quem
1462 2133 1645 2228 ἐῖρωια
1664 2145 1893 2212 Gracci
1917 2144 2129 2212 nomif·

681 2245 1022 2336 naveruim
1069 2260 1400 2354 Socratem
1438 2261 1825 2344 accepimus:
1879 2274 2125 2350 contra,

676 2370 1110 2455 Pythagoram
1139 2389 1201 2435 et
1236 2373 1543 2437 Periclem
1573 2373 1881 2437 summam
1910 2376 2128 2439 aucto-

677 2488 934 2578 ritatem
954 2484 1326 2551 consecutos
1343 2489 1469 2551 fine
1486 2491 1610 2551 ulla
1630 2489 1970 2554 hilaritate.
2001 2490 2128 2552 cal-

677 2597 884 2659 lidum
907 2596 1331 2661 Hannibalem
1356 2622 1436 2663 ex
1449 2601 1856 2677 Poenorum;
1879 2622 1956 2664 ex
1981 2599 2128 2666 nos*

678 2713 794 2787 tris
825 2711 1090 2775 ducibus
1112 2712 1579 2801 QMaximum
1609 2718 1996 2799 accepimus;
2027 2715 2128 2782 fa«-

680 2831 796 2893 cile
833 2828 1059 2905 celare,
1110 2844 1342 2904 tacere,
1381 2831 1785 2909 diffimulare,
1824 2832 2123 2909 insidiari,

677 2945 1036 3030 praecipere
1064 2946 1344 3008 hostium
1376 2947 1647 3011 consilia.
1679 2948 1743 3011 in
1772 2968 1905 3030 quo
1933 2968 2124 3031 gene-,-

676 3079 748 3123 re
776 3059 1010 3123 Graeci
1030 3059 1526 3124 Themistoclem
1552 3078 1614 3125 et
1644 3061 2003 3125 Pheraeum
2019 3061 2136 3142 Jav.

676 3170 897 3258 sonem
932 3176 1188 3240 caeteris
1215 3189 1652 3263 anteponunt:
1687 3177 1753 3241 in
1780 3175 2124 3266 primisque
