2499 4196
689 395 974 447 mnan
1026 391 1465 448 TERTlt-JS.
1677 410 1789 472 199

345 541 507 608 quae
528 519 714 585 amici
740 522 954 595 velint,
980 542 1113 585 non
1140 521 1451 585 amicitiae
1477 520 1652 597 tales,
1679 519 1788 585 sed

348 636 819 717 conjurationes
853 636 1172 719 putandae
1199 633 1367 698 sunt.
1413 636 1655 718 loquor
1679 657 1794 699 au·

346 765 480 814 tem
508 751 589 814 de
619 748 1066 813 communibus
1095 749 1412 813 amicitiis=
1444 770 1589 812 nam
1616 750 1681 810 in
1706 747 1796 812 sa-

349 865 666 948 pientibus
711 862 857 926 viris
912 859 1328 946 perse-&isque
1376 862 1538 924 nihil
1592 862 1799 945 potest

347 974 468 1041 effe
505 978 652 1040 tale.
706 975 1074 1039 Damonem
1107 988 1172 1038 et
1203 974 1526 1038 Phintiam
1560 976 1800 1058 Pytha·

352 1108 587 1173 goz-eos
624 1085 848 1150 ferunt
882 1088 1010 1149 hoc
1044 1087 1261 1149 animo
1296 1087 1463 1150 inter
1496 1084 1556 1151 se
1591 1084 1798 1164 fuiffe,

348 1213 456 1276 ut,
483 1220 629 1263 cum
663 1218 885 1262 eorum
911 1200 1092 1261 alteri
1118 1198 1463 1284 Dionyfius
1488 1215 1803 1286 tyrannus

354 1314 523 1378 diem
557 1313 727 1376 necis
761 1310 1202 1391 destinaviffet,
1254 1330 1317 1376 et
1349 1314 1424 1391 ie,
1462 1315 1573 1398 qui
1607 1314 1806 1378 morti

357 1427 644 1492 addistus
678 1424 844 1504 effet,
896 1447 1130 1510 paucos
1162 1427 1276 1490 fibi
1309 1428 1442 1493 dies
1478 1449 1808 1494 commen-2

362 1541 727 1605 dandorum
775 1537 1040 1604 suorum
1093 1539 1296 1604 cauffa
1342 1540 1807 1626 postulaviffet3

361 1675 468 1716 vas
495 1651 699 1717 faetus
734 1653 822 1715 est
855 1654 1015 1715 alter
1035 1653 1169 1733 ejus
1191 1654 1463 1731 sulendi,
1499 1668 1601 1733 ut,
1632 1655 1680 1717 fi
1704 1655 1811 1719 ille

365 1787 502 1829 non
530 1762 901 1842 revertiffet,
923 1767 1328 1831 moriendum
1351 1765 1494 1831 effet
1519 1767 1665 1851 ipfi:
1698 1769 1816 1852 qui

366 1899 518 1942 eum
544 1879 626 1940 ad
653 1876 822 1940 diem
847 1875 908 1939 se
940 1874 1285 1960 recepiffet,
1322 1879 1671 1943 admiratus
1702 1899 1816 1942 eo-

367 2015 519 2056 rum
541 1992 736 2055 fidem
759 2005 1093 2076 tyrannuS,
1122 1992 1360 2075 petivit,
1382 2004 1459 2054 ut
1480 1989 1539 2054 se
1559 1991 1638 2055 ad
1662 1993 1820 2056 ami-

370 2108 584 2172 citiam
619 2108 884 2187 tertium
932 2104 1382 2169 adscriberent.
1446 2128 1595 2169 curn
1628 2106 1821 2190 igitur

372 2218 465 2295 id,
502 2219 682 2302 quod
714 2219 873 2281 utile
909 2218 1189 2294 videtur,
1239 2217 1308 2279 in
1341 2216 1634 2292 amicitia,
1668 2238 1821 2281 cum

375 2350 481 2409 ec,
519 2332 700 2414 quod
735 2331 1076 2395 honestum
1110 2329 1222 2406 est,
1260 2344 1697 2412 comparatum
1725 2329 1825 2408 ja-

378 2458 514 2508 ceat
539 2445 827 2508 utilitatis
850 2443 1315 2528 species,valeat
1331 2444 1653 2506 honestasz
1675 2464 1826 2505 cum

378 2573 594 2623 autem
618 2560 683 2621 in
707 2558 1003 2634 amicitia,
1023 2578 1187 2641 quae
1208 2558 1474 2621 honesta
1494 2579 1626 2620 non
1651 2554 1825 2635 sunt,

383 2673 896 2757 postulabuntur,
932 2672 1157 2755 religio
1191 2685 1256 2733 et
1292 2670 1448 2758 figles
1481 2684 1829 2754 antepona-

384 2801 497 2850 tut
530 2787 871 2849 amicitiae:
905 2785 989 2848 fic
1016 2785 1357 2848 habebitur
1383 2784 1458 2861 ie,
1493 2804 1687 2866 quem
1720 2796 1832 2846 exi-

317 2898 724 2983 ¹¹quit-imuS,
772 2897 1048 2963 delenitus
1093 2896 1312 2960 officii.
1383 2894 1508 2960 Sed
1536 2895 1826 2958 utilitatis

387 3010 587 3094 specie
608 3010 674 3071 in
701 3011 1022 3093 republica
1044 3007 1378 3092 saepiffime
1402 3021 1730 3092 peccatum
1756 3019 1835 3069 ut

389 3125 458 3190 in
496 3124 796 3191 Corinthi
839 3124 1291 3192 'disturbatione
1332 3122 1553 3188 nostri.
1613 3122 1836 3187 durius
