2499 4196
714 431 751 489 6
1121 432 1239 483 DE
1297 435 1749 485 OFFICIIS

715 555 820 619 sed
857 560 955 640 (ut
990 553 1287 634 solemus)
1322 579 1354 621 e
1391 557 1680 623 fontibus
1715 581 1960 639 eorum,
1986 560 2156 641 judi-

714 671 818 735 cio
840 671 1226 754 arbitrioque
1254 674 1496 750 nostro,
1527 690 1865 755 quantum,
1894 697 2155 758 quoque

713 784 914 845 modo
931 783 1270 858 videbitur,
1297 785 1686 849 hauriemus,
1718 788 1915 868 placet
1940 787 2152 869 igitur,

716 894 1243 978 quonia‘momnis
1258 898 1598 985 disputatio
1613 900 1689 962 de
1708 902 1923 965 officio
1936 900 2155 965 futura

644 1048 647 1051 -
716 1009 828 1084 est,
853 1026 996 1071 ante
1015 1010 1305 1085 definire,
1321 1013 1476 1093 quid
1496 1012 1569 1073 fit
1586 1012 1907 1087 officium3
1929 1014 2106 1095 quod
2120 1035 2155 1076 a

713 1121 1021 1186 Panaetio
1049 1123 1544 1206 praetermiffum
1573 1125 1689 1189 effe
1729 1128 1966 1189 miror:
2015 1150 2156 1190 orn-

714 1236 811 1298 nis
835 1240 1028 1312 enim,
1058 1259 1219 1320 quae
1248 1260 1284 1301 a
1312 1241 1560 1304 ratione
1588 1240 1919 1325 suscipitur
1940 1243 2019 1305 de
2043 1245 2154 1306 ali-

714 1371 844 1431 qua
870 1372 964 1427 re,
993 1353 1307 1415 institutio
1329 1354 1511 1417 debet
1541 1378 1575 1417 a
1602 1354 1971 1419 definitione
2001 1379 2150 1440 pro-
2173 1376 2200 1420 3

711 1458 924 1538 ficisci‚
953 1478 1025 1525 ut
1056 1464 1474 1546 intelligatur,
1504 1468 1657 1549 quid
1685 1467 1758 1528 fit
1785 1469 1872 1544 id,
1909 1469 1986 1530 de
2016 1492 2150 1552 quo

713 1569 1087 1653 disputetur.
1191 1574 1421 1639 Omnis
1449 1579 1525 1640 de
1552 1580 1769 1643 officio
1794 1581 2033 1664 duplex
2066 1586 2154 1648 est

715 1688 1030 1768 quaestio:
1070 1709 1271 1752 unum
1300 1712 1498 1774 genus
1528 1696 1637 1772 est,
1677 1699 1853 1779 quod
1879 1702 2153 1781 pertinet

714 1799 793 1860 ad
822 1799 1014 1863 finem
1044 1802 1404 1881 bonorum3
1457 1810 1750 1889 alterum,
1786 1814 1965 1894 quod
1993 1815 2155 1898 pofi-

715 1929 856 1977 tum
875 1916 961 1977 est
978 1917 1040 1977 in
1064 1922 1431 2003 praeceptis,
1459 1924 1767 2006 quibusin
1781 1929 1988 1989 omnis
2013 1950 2155 2011 par-

716 2043 808 2090 tes
837 2026 983 2091 usus
1006 2031 1170 2093 vitae
1198 2034 1565 2100 confirmari
1595 2039 1795 2122 poffit.
1819 2038 2155 2124 superioris

715 2148 951 2227 generis
973 2146 1338 2225 hujusmodi
1356 2157 1643 2237 exempla
1660 2152 1805 2218 sunt
1823 2179 1838 2219 ε
1856 2159 2153 2222 omniane

715 2258 927 2320 officia
957 2259 1230 2341 perfe6ta
1261 2262 1380 2325 fint
1407 2263 1431 2326 ?
1462 2288 1614 2329 num
1653 2270 1831 2350 quod
1867 2270 2153 2335 officium

715 2373 885 2435 aliud
918 2374 1039 2436 alio
1075 2375 1271 2454 majus
1300 2377 1414 2439 fit?
1454 2395 1513 2442 et
1545 2402 1705 2463 quae
1741 2380 1884 2443 sunt
1919 2367 2155 2467 generis

717 2487 1009 2567 ejusdem.
1041 2512 1321 2572 quorum
1348 2510 1559 2556 autem
1583 2495 1950 2559 officiorum
1975 2519 2154 2580 prae-

717 2616 900 2683 cepta
928 2603 1293 2681 traduntur,
1329 2626 1403 2668 ea
1427 2630 1810 2691 quamquam
1839 2615 2155 2693 pertinent

716 2712 796 2773 ad
822 2711 1014 2773 finem
1041 2714 1386 2787 bonorum,
1413 2733 1622 2781 tamen
1649 2721 1709 2783 id
1740 2724 1946 2786 minus
1969 2746 2154 2808 appa·

715 2840 839 2901 ret,
855 2826 1001 2906 quia
1019 2828 1209 2909 magis
1230 2830 1308 2891 ad
1327 2831 1786 2896 institutionem
1798 2835 1963 2897 vitae
1978 2858 2155 2899 com-

716 2938 925 2997 munis
950 2934 1220 3018 specstare
1233 2942 1557 3019 videntur;
1582 2945 1659 3007 de
1675 2948 1903 3028 quibus
1927 2935 2013 3010 est
2033 2972 2155 3012 no-

714 3051 807 3111 bis
827 3050 920 3111 his
938 3052 1108 3113 libris
1132 3056 1598 3137 explicandum.
1618 3075 1809 3142 atque
1827 3062 2013 3124 etiam
2035 3065 2155 3129 alia

713 3164 929 3228 divifio
942 3165 1028 3228 est
1042 3165 1235 3229 officii
1254 3194 1269 3229 ε
1297 3191 1443 3235 nam
1461 3191 1521 3236 et
1533 3174 1814 3240 medium
1829 3178 2151 3261 quoddam
