2499 4196
723 429 1028 479 LIBER
1095 429 1507 479 Pramus.
1746 439 1826 504 79

395 567 460 617 et
481 554 682 618 minus
710 557 1082 638 probentur,
1109 555 1302 636 magis
1325 555 1544 617 decere
1571 553 1826 621 censent

397 663 696 747 sapientes
738 664 957 728 senfim
991 663 1284 740 difluere,
1333 686 1524 745 quam
1570 653 1852 747 repente¹

393 779 773 860 praecidere.
823 792 1218 840 commutato
1242 791 1453 841 autem
1482 799 1711 861 genere
1734 781 1825 842 vi·

392 903 515 965 tae,
545 892 727 953 omni
746 892 986 953 radone
1010 891 1367 956 curandum
1389 892 1497 966 est,
1528 908 1598 955 ut
1622 894 1687 955 id
1711 895 1823 957 bo-

393 1024 481 1065 no
499 1003 759 1066 confilio
778 1001 976 1066 feciffe
992 1004 1338 1067 videamur.
1391 1002 1495 1066 sed
1518 1006 1824 1087 quoniam

394 1117 608 1199 paullo
628 1131 771 1180 ante
796 1118 1032 1181 dietum
1055 1117 1164 1191 est,
1193 1117 1528 1179 imitandos
1550 1117 1667 1182 effe
1693 1141 1825 1182 ma-

385 1228 595 1307 jores;
646 1234 923 1314 primum
946 1231 1101 1293 illud
1137 1246 1473 1312 exceptum
1501 1231 1594 1306 fit,
1630 1252 1710 1293 ne
1734 1234 1823 1293 vi-

394 1346 481 1409 tia
504 1348 623 1411 fint
646 1348 979 1422 imitanda3
999 1347 1248 1424 deinde,
1272 1346 1556 1411 finatura
1576 1369 1709 1412 non
1731 1348 1825 1411 fe-

392 1473 516 1536 ret,
549 1476 625 1523 ut
655 1461 964 1541 quaedam
993 1460 1224 1522 imitari
1251 1460 1480 1543 poffint
1514 1463 1615 1544 (ut
1642 1459 1823 1544 supe-

391 1577 575 1639 rioris
607 1575 896 1640 Africani
922 1577 1110 1650 filine,
1148 1575 1262 1658 qui
1286 1577 1460 1639 hunc
1488 1574 1685 1639 Paulo
1713 1597 1822 1638 na-

396 1703 532 1752 tum
556 1691 899 1772 adoptavit,
927 1703 1186 1772 propter
1205 1689 1636 1752 infirmitatem
1656 1691 1823 1751 vale·

395 1804 631 1867 tudinis
664 1825 797 1867 non
824 1819 949 1868 tam
982 1805 1195 1887 potuit
1225 1804 1420 1886 patris
1445 1804 1654 1866 fimilis
1681 1801 1822 1875 effe,

397 1936 585 1997 quam
612 1917 714 1983 ille
737 1916 948 1981 fuerat
969 1911 1117 1991 sui)·,
1142 1916 1189 1978 fi
1210 1918 1408 1999 igitur
1434 1935 1559 1978 non
1586 1915 1825 1998 poterit

394 2032 515 2093 five
539 2029 762 2093 cauffas
784 2029 1170 2108 defensitare,
1194 2030 1312 2092 five
1336 2031 1646 2114 populum
1671 2049 1825 2091 con-

398 2147 682 2209 cionibus
708 2162 947 2222 tenere,
977 2145 1097 2207 five
1125 2145 1284 2208 bella
1310 2166 1559 2230 gerere3
1603 2144 1706 2209 illa
1733 2159 1827 2208 ta-

397 2279 540 2320 men
564 2258 869 2341 praestare
896 2257 1168 2334 debebit,
1195 2277 1357 2339 quae
1379 2272 1569 2322 erunt
1592 2260 1658 2322 in
1680 2259 1822 2341 ipfi-

396 2394 471 2435 us
496 2372 821 2456 potestate,
858 2370 1187 2450 justitiam,
1221 2370 1439 2448 fidem,
1491 2372 1824 2434 liberalita-

398 2498 550 2560 tem,
573 2484 965 2558 modestiam,
992 2484 1507 2565 temperantiam3
1552 2503 1683 2564 quo
1706 2484 1826 2545 mi-

396 2622 517 2664 nus
538 2602 617 2663 ab
643 2622 720 2663 eo
743 2600 829 2674 id,
861 2600 1036 2683 quod
1061 2599 1237 2677 defit,
1270 2599 1653 2682 requiratur.
1708 2618 1826 2681 op-

396 2714 550 2778 tima
584 2729 795 2778 autem
824 2714 1136 2776 hereditas
1170 2736 1207 2776 a
1239 2714 1516 2796 patribus
1548 2712 1823 2777 traditur

395 2827 627 2900 liberis,
654 2828 954 2909 omnique
980 2826 1366 2909 patrimonio
1392 2823 1822 2908 praestantior,

397 2943 602 3025 gloria
635 2943 888 3006 virtutis
920 2962 1264 3025 rerumque
1308 2942 1655 3026 gestarum;
1719 2941 1825 3002 cui

361 3047 378 3063 ’
398 3062 695 3125 dedecori
709 3057 847 3135 effe,
872 3057 1044 3122 nefas
1062 3073 1123 3122 et
1141 3057 1824 3142 impiumjudicandum

323 3204 381 3247 34
401 3175 507 3240 est.
556 3174 637 3239 Et
666 3174 968 3261 quoniam
995 3172 1203 3240 officia
1228 3192 1362 3238 non
1387 3171 1602 3237 eadem
1628 3166 1821 3252 dispa-
