2499 4196
712 468 1489 519 LIBERPRIMUS.
1744 475 1811 537 17

379 611 593 658 autem
623 608 864 676 partem
897 594 972 653 ad
1002 593 1296 672 injuriam
1328 582 1676 654 faciendam
1705 613 1815 674 ag-

378 711 784 792 grediuntur,
811 724 881 769 ut
913 704 1330 786 adipiscantur
1357 727 1451 781 ea,
1475 728 1636 787 quae
1660 727 1815 767 con-

379 826 780 906 cupiverunt3
820 823 884 883 in
909 841 1036 902 quo
1061 821 1216 883 vitio
1244 821 1523 882 latiffime
1549 834 1720 903 patet
1749 839 1812 879 a·

328 957 363 996 ε
383 938 623 999 varitia.
726 935 1135 1017 Expetuntur
1151 950 1360 998 autem
1385 937 1635 998 divitiae
1664 955 1813 997 cum

212 1106 251 1143 0
381 1056 458 1114 ad
487 1050 634 1114 usus
662 1053 823 1112 vitae
853 1048 1240 1123 neceffarios,
1280 1065 1419 1112 tum
1449 1052 1524 1111 ad
1557 1048 1812 1132 perfru-

376 1165 570 1227 endas
594 1165 987 1245 voluptates:
1024 1164 1087 1222 in
1114 1164 1347 1243 quibus
1373 1179 1581 1224 autem
1608 1162 1810 1241 maj0r

375 1277 462 1337 est
491 1277 755 1346 animuS,
774 1278 857 1336 ‚in
887 1276 957 1337 iis
982 1277 1281 1357 pecuniae
1307 1277 1612 1357 cupiditas
1641 1276 1809 1359 spec-

374 1408 465 1455 tat
489 1394 566 1454 ad
589 1414 758 1474 opeS,
791 1408 854 1454 et
882 1393 958 1454 ad
988 1393 1385 1483 gratificandi
1410 1391 1805 1457 facultatem:

371 1526 444 1572 ut
479 1530 686 1591 nuper
722 1509 816 1568 M.
849 1507 1096 1570 Craffus
1136 1510 1402 1591 negabat
1437 1512 1633 1571 uliam
1664 1509 1806 1571 satis

372 1642 663 1703 magnam
683 1622 1005 1703 pecuniam
1032 1618 1146 1682 effe
1169 1621 1247 1695 ei,
1270 1622 1379 1702 qui
1403 1623 1466 1683 in
1488 1624 1805 1704 republica

370 1732 660 1820 princeps
689 1737 875 1796 vellet
902 1733 1041 1810 effe,
1078 1736 1257 1813 cujus
1287 1734 1541 1798 fructibi
1571 1760 1596 1799 s
1625 1759 1807 1800 exer-

372 1854 567 1913 citum
607 1851 769 1911 alere
821 1870 951 1910 non
991 1848 1205 1932 poffet.
1261 1851 1571 1913 delectant
1613 1852 1805 1913 etiam

372 1963 686 2045 magnifici
715 1976 1072 2043 apparatus²
1102 1964 1387 2044 vitaeque
1412 1964 1620 2025 cultus
1656 1984 1804 2026 cum

372 2081 678 2163 elegantia
708 2094 768 2141 et
799 2078 1009 2161 copia:
1047 2079 1268 2159 quibus
1304 2080 1488 2141 rebus
1516 2078 1803 2142 effectum

371 2195 483 2270 est,
529 2209 604 2257 ut
640 2194 885 2255 infinita
935 2195 1230 2274 pecuniae
1286 2194 1594 2277 cupiditas
1630 2192 1798 2256 effet-

370 2331 486 2371 nec
515 2330 667 2370 vero
687 2310 773 2369 rei
806 2306 1119 2369 familiaris
1137 2308 1544 2391 amplificatio
1563 2309 1800 2371 nemini

369 2446 605 2485 nocens
628 2423 1076 2506 vituperanda;
1106 2421 1209 2484 sed
1231 2422 1533 2507 fugienda
1559 2421 1799 2506 semper

368 2536 597 2615 injuria
610 2537 719 2599 est.
738 2537 1004 2598 maxime
1021 2552 1231 2598 autem
1244 2537 1657 2599 adducuntur
1669 2538 1799 2618 ple-

367 2651 576 2731 rique,
599 2663 672 2711 ut
696 2670 803 2711 eos
819 2649 1090 2727 justitiae
1121 2651 1322 2731 capiat
1351 2651 1613 2725 oblivio,
1650 2673 1797 2712 cum

367 2765 432 2826 in
459 2763 897 2845 imperiorum,
923 2765 1271 2839 honorum,
1295 2764 1529 2846 gloriae
1554 2767 1798 2846 cupidi-

365 2891 559 2938 tatem
582 2879 950 2941 inciderim:
978 2880 1153 2960 quod
1176 2880 1342 2939 enim
1367 2881 1454 2940 est
1476 2882 1643 2963 apud
1671 2879 1795 2941 En·

362 2988 570 3062 nium,

525 3098 671 3149 Nulla
692 3099 851 3149 faradin
871 3102 1080 3160 societas,
1112 3117 1198 3150 nec
1219 3100 1337 3150 fides
1356 3100 1498 3166 regni
1519 3100 1605 3160 est,

365 3215 430 3276 id
466 3217 652 3279 latius
686 3232 892 3300 patet:
943 3242 1111 3294 nam,
1148 3220 1455 3302 quicquid
1491 3218 1793 3298 ejusmodi

1030 3319 1089 3382 Cr
