<?xml version="1.0" encoding="UTF-8"?>
<!DOCTYPE html PUBLIC "-//W3C//DTD XHTML 1.0 Transitional//EN"
    "http://www.w3.org/TR/xhtml1/DTD/xhtml1-transitional.dtd">
<html xmlns="http://www.w3.org/1999/xhtml" xml:lang="en" lang="en">
 <head>
  <title>
</title>
<meta http-equiv="Content-Type" content="text/html;charset=utf-8" />
  <meta name='ocr-system' content='tesseract 3.04.00' />
  <meta name='ocr-capabilities' content='ocr_page ocr_carea ocr_par ocr_line ocrx_word'/>
</head>
<body>
  <div class='ocr_page' id='page_1' title='image "./marcitulliicice01cicegoog_0121.png"; bbox 0 0 2499 4196; ppageno 0'>
   <div class='ocr_carea' id='block_1_1' title="bbox 692 424 1800 499">
    <p class='ocr_par' dir='ltr' id='par_1_1' title="bbox 692 424 1800 499">
     <span class='ocr_line' id='line_1_1' title="bbox 692 424 1800 499; baseline -0.001 -27"><span class='ocrx_word' id='word_1_1' title='bbox 692 425 976 472; x_wconf 82' lang='lat' dir='ltr'>LIBER</span> <span class='ocrx_word' id='word_1_2' title='bbox 1042 424 1422 474; x_wconf 84' lang='lat' dir='ltr'>PRIMUS.</span> <span class='ocrx_word' id='word_1_3' title='bbox 1689 435 1800 499; x_wconf 70' lang='lat'>193</span> 
     </span>
    </p>
   </div>
   <div class='ocr_carea' id='block_1_2' title="bbox 321 549 1870 3267">
    <p class='ocr_par' dir='ltr' id='par_1_2' title="bbox 321 549 1870 3267">
     <span class='ocr_line' id='line_1_2' title="bbox 344 549 1790 634; baseline 0 -20"><span class='ocrx_word' id='word_1_4' title='bbox 344 549 662 615; x_wconf 85' lang='lat' dir='ltr'>munitate</span> <span class='ocrx_word' id='word_1_5' title='bbox 691 549 897 629; x_wconf 74' lang='lat' dir='ltr'>junffi</span> <span class='ocrx_word' id='word_1_6' title='bbox 933 549 1171 613; x_wconf 73' lang='lat' dir='ltr'>sumus·</span> <span class='ocrx_word' id='word_1_7' title='bbox 1233 564 1453 634; x_wconf 87' lang='lat' dir='ltr'>atque,</span> <span class='ocrx_word' id='word_1_8' title='bbox 1486 563 1564 614; x_wconf 85' lang='lat' dir='ltr'>ut</span> <span class='ocrx_word' id='word_1_9' title='bbox 1597 570 1790 634; x_wconf 83' lang='lat' dir='ltr'>apum</span> 
     </span>
     <span class='ocr_line' id='line_1_3' title="bbox 344 661 1797 753; baseline 0.002 -28"><span class='ocrx_word' id='word_1_10' title='bbox 344 666 637 727; x_wconf 85' lang='lat' dir='ltr'>examina</span> <span class='ocrx_word' id='word_1_11' title='bbox 662 685 796 726; x_wconf 88' lang='lat' dir='ltr'>non</span> <span class='ocrx_word' id='word_1_12' title='bbox 822 665 1274 748; x_wconf 83' lang='lat' dir='ltr'>fingendorum</span> <span class='ocrx_word' id='word_1_13' title='bbox 1298 661 1595 753; x_wconf 83' lang='lat' dir='ltr'>favorum</span> <span class='ocrx_word' id='word_1_14' title='bbox 1619 666 1797 728; x_wconf 86' lang='lat' dir='ltr'>caus-</span> 
     </span>
     <span class='ocr_line' id='line_1_4' title="bbox 343 754 1794 864; baseline 0 -22"><span class='ocrx_word' id='word_1_15' title='bbox 343 779 404 842; x_wconf 88' lang='lat' dir='ltr'>sa</span> <span class='ocrx_word' id='word_1_16' title='bbox 431 796 952 864; x_wconf 77' lang='lat' dir='ltr'>congregantur3</span> <span class='ocrx_word' id='word_1_17' title='bbox 986 775 1114 854; x_wconf 81' lang='lat' dir='ltr'>sed,</span> <span class='ocrx_word' id='word_1_18' title='bbox 1156 801 1298 842; x_wconf 88' lang='lat' dir='ltr'>cum</span> <span class='ocrx_word' id='word_1_19' title='bbox 1328 754 1794 863; x_wconf 83' lang='lat' dir='ltr'>congregabilia</span> 
     </span>
     <span class='ocr_line' id='line_1_5' title="bbox 321 892 1789 977; baseline 0.001 -22"><span class='ocrx_word' id='word_1_20' title='bbox 321 909 577 969; x_wconf 73' lang='lat' dir='ltr'>,natura</span> <span class='ocrx_word' id='word_1_21' title='bbox 605 895 751 970; x_wconf 79' lang='lat' dir='ltr'>sint,</span> <span class='ocrx_word' id='word_1_22' title='bbox 787 893 1042 977; x_wconf 83' lang='lat' dir='ltr'>fingunt</span> <span class='ocrx_word' id='word_1_23' title='bbox 1086 892 1299 957; x_wconf 83' lang='lat' dir='ltr'>favos:</span> <span class='ocrx_word' id='word_1_24' title='bbox 1358 894 1438 956; x_wconf 89' lang='lat' dir='ltr'>fic</span> <span class='ocrx_word' id='word_1_25' title='bbox 1468 896 1789 970; x_wconf 81' lang='lat' dir='ltr'>homines,</span> 
     </span>
     <span class='ocr_line' id='line_1_6' title="bbox 346 1009 1788 1092; baseline 0 -22"><span class='ocrx_word' id='word_1_26' title='bbox 346 1029 415 1071; x_wconf 86' lang='lat' dir='ltr'>ac</span> <span class='ocrx_word' id='word_1_27' title='bbox 445 1009 657 1071; x_wconf 92' lang='lat' dir='ltr'>multo</span> <span class='ocrx_word' id='word_1_28' title='bbox 685 1009 874 1069; x_wconf 88' lang='lat' dir='ltr'>etiam</span> <span class='ocrx_word' id='word_1_29' title='bbox 897 1009 1118 1091; x_wconf 64' lang='lat' dir='ltr'>magis„</span> <span class='ocrx_word' id='word_1_30' title='bbox 1149 1023 1377 1070; x_wconf 87' lang='lat' dir='ltr'>natura</span> <span class='ocrx_word' id='word_1_31' title='bbox 1403 1010 1788 1092; x_wconf 86' lang='lat' dir='ltr'>congregati,</span> 
     </span>
     <span class='ocr_line' id='line_1_7' title="bbox 345 1121 1786 1206; baseline 0.002 -22"><span class='ocrx_word' id='word_1_32' title='bbox 345 1125 649 1186; x_wconf 85' lang='lat' dir='ltr'>adhibent</span> <span class='ocrx_word' id='word_1_33' title='bbox 675 1125 902 1206; x_wconf 88' lang='lat' dir='ltr'>agendi</span> <span class='ocrx_word' id='word_1_34' title='bbox 937 1123 1392 1205; x_wconf 87' lang='lat' dir='ltr'>cogitandique</span> <span class='ocrx_word' id='word_1_35' title='bbox 1426 1121 1786 1187; x_wconf 82' lang='lat' dir='ltr'><strong>sollertiam.</strong></span> 
     </span>
     <span class='ocr_line' id='line_1_8' title="bbox 347 1236 1791 1319; baseline -0.001 -21"><span class='ocrx_word' id='word_1_36' title='bbox 347 1237 589 1319; x_wconf 84' lang='lat' dir='ltr'>itaque,</span> <span class='ocrx_word' id='word_1_37' title='bbox 626 1237 739 1299; x_wconf 85' lang='lat' dir='ltr'>nifi</span> <span class='ocrx_word' id='word_1_38' title='bbox 761 1258 831 1298; x_wconf 87' lang='lat' dir='ltr'>ea</span> <span class='ocrx_word' id='word_1_39' title='bbox 859 1238 1086 1312; x_wconf 70' lang='lat' dir='ltr'>virtuS,</span> <span class='ocrx_word' id='word_1_40' title='bbox 1112 1256 1273 1316; x_wconf 85' lang='lat' dir='ltr'>quae</span> <span class='ocrx_word' id='word_1_41' title='bbox 1303 1236 1541 1297; x_wconf 85' lang='lat' dir='ltr'>constat</span> <span class='ocrx_word' id='word_1_42' title='bbox 1571 1256 1649 1296; x_wconf 84' lang='lat' dir='ltr'>ex</span> <span class='ocrx_word' id='word_1_43' title='bbox 1671 1236 1791 1297; x_wconf 88' lang='lat' dir='ltr'>ho-</span> 
     </span>
     <span class='ocr_line' id='line_1_9' title="bbox 351 1347 1795 1432; baseline 0.001 -22"><span class='ocrx_word' id='word_1_44' title='bbox 351 1349 618 1412; x_wconf 87' lang='lat' dir='ltr'>minibus</span> <span class='ocrx_word' id='word_1_45' title='bbox 646 1349 919 1424; x_wconf 89' lang='lat' dir='ltr'>tuendis,</span> <span class='ocrx_word' id='word_1_46' title='bbox 955 1348 1020 1409; x_wconf 91' lang='lat' dir='ltr'>id</span> <span class='ocrx_word' id='word_1_47' title='bbox 1067 1349 1177 1422; x_wconf 91' lang='lat' dir='ltr'>est,</span> <span class='ocrx_word' id='word_1_48' title='bbox 1216 1370 1296 1409; x_wconf 85' lang='lat' dir='ltr'>ex</span> <span class='ocrx_word' id='word_1_49' title='bbox 1344 1347 1640 1410; x_wconf 85' lang='lat' dir='ltr'>societate</span> <span class='ocrx_word' id='word_1_50' title='bbox 1687 1370 1795 1432; x_wconf 85' lang='lat' dir='ltr'>ge-</span> 
     </span>
     <span class='ocr_line' id='line_1_10' title="bbox 351 1462 1785 1545; baseline 0.001 -21"><span class='ocrx_word' id='word_1_51' title='bbox 351 1464 514 1526; x_wconf 87' lang='lat' dir='ltr'>neris</span> <span class='ocrx_word' id='word_1_52' title='bbox 555 1462 845 1538; x_wconf 90' lang='lat' dir='ltr'>humani,</span> <span class='ocrx_word' id='word_1_53' title='bbox 896 1462 1166 1545; x_wconf 88' lang='lat' dir='ltr'>attingat</span> <span class='ocrx_word' id='word_1_54' title='bbox 1215 1463 1644 1545; x_wconf 89' lang='lat' dir='ltr'>cognitionem</span> <span class='ocrx_word' id='word_1_55' title='bbox 1683 1485 1785 1526; x_wconf 91' lang='lat' dir='ltr'>re-</span> 
     </span>
     <span class='ocr_line' id='line_1_11' title="bbox 351 1572 1789 1656; baseline -0.002 -17"><span class='ocrx_word' id='word_1_56' title='bbox 351 1598 520 1652; x_wconf 87' lang='lat' dir='ltr'>rum,</span> <span class='ocrx_word' id='word_1_57' title='bbox 543 1573 813 1656; x_wconf 85' lang='lat' dir='ltr'>solivaga</span> <span class='ocrx_word' id='word_1_58' title='bbox 837 1574 1119 1656; x_wconf 83' lang='lat' dir='ltr'>cognitio</span> <span class='ocrx_word' id='word_1_59' title='bbox 1145 1588 1206 1634; x_wconf 89' lang='lat' dir='ltr'>et</span> <span class='ocrx_word' id='word_1_60' title='bbox 1226 1572 1447 1652; x_wconf 81' lang='lat' dir='ltr'>jejuna</span> <span class='ocrx_word' id='word_1_61' title='bbox 1473 1575 1789 1638; x_wconf 86' lang='lat' dir='ltr'>videatur.</span> 
     </span>
     <span class='ocr_line' id='line_1_12' title="bbox 356 1688 1791 1771; baseline 0 -21"><span class='ocrx_word' id='word_1_62' title='bbox 356 1691 669 1771; x_wconf 87' lang='lat' dir='ltr'>[itemque</span> <span class='ocrx_word' id='word_1_63' title='bbox 699 1688 1076 1771; x_wconf 84' lang='lat' dir='ltr'><strong>magnitudo</strong></span> <span class='ocrx_word' id='word_1_64' title='bbox 1105 1689 1324 1762; x_wconf 89' lang='lat' dir='ltr'>animi,</span> <span class='ocrx_word' id='word_1_65' title='bbox 1355 1705 1598 1750; x_wconf 87' lang='lat' dir='ltr'>remota</span> <span class='ocrx_word' id='word_1_66' title='bbox 1617 1710 1791 1750; x_wconf 91' lang='lat' dir='ltr'>com·</span> 
     </span>
     <span class='ocr_line' id='line_1_13' title="bbox 350 1802 1788 1884; baseline -0.003 -17"><span class='ocrx_word' id='word_1_67' title='bbox 350 1807 654 1868; x_wconf 88' lang='lat' dir='ltr'>munitate</span> <span class='ocrx_word' id='word_1_68' title='bbox 684 1804 1260 1884; x_wconf 68' lang='lat' dir='ltr'>conjunstioneque</span> <span class='ocrx_word' id='word_1_69' title='bbox 1289 1804 1593 1876; x_wconf 86' lang='lat' dir='ltr'>humana,</span> <span class='ocrx_word' id='word_1_70' title='bbox 1634 1802 1788 1864; x_wconf 85' lang='lat' dir='ltr'>feri-</span> 
     </span>
     <span class='ocr_line' id='line_1_14' title="bbox 352 1914 1791 2002; baseline -0.005 -19"><span class='ocrx_word' id='word_1_71' title='bbox 352 1936 442 1983; x_wconf 87' lang='lat' dir='ltr'>tas</span> <span class='ocrx_word' id='word_1_72' title='bbox 464 1920 537 1983; x_wconf 86' lang='lat' dir='ltr'>fit</span> <span class='ocrx_word' id='word_1_73' title='bbox 561 1920 868 2002; x_wconf 87' lang='lat' dir='ltr'>quaedam</span> <span class='ocrx_word' id='word_1_74' title='bbox 895 1933 956 1980; x_wconf 91' lang='lat' dir='ltr'>et</span> <span class='ocrx_word' id='word_1_75' title='bbox 985 1914 1403 1986; x_wconf 88' lang='lat' dir='ltr'>immanitas.]</span> <span class='ocrx_word' id='word_1_76' title='bbox 1458 1916 1546 1975; x_wconf 88' lang='lat' dir='ltr'>ita</span> <span class='ocrx_word' id='word_1_77' title='bbox 1578 1914 1674 1987; x_wconf 87' lang='lat' dir='ltr'>fit,</span> <span class='ocrx_word' id='word_1_78' title='bbox 1713 1929 1791 1976; x_wconf 88' lang='lat' dir='ltr'>ut</span> 
     </span>
     <span class='ocr_line' id='line_1_15' title="bbox 350 2026 1784 2117; baseline -0.004 -21"><span class='ocrx_word' id='word_1_79' title='bbox 350 2035 559 2096; x_wconf 80' lang='lat' dir='ltr'>vincat</span> <span class='ocrx_word' id='word_1_80' title='bbox 619 2033 1004 2117; x_wconf 84' lang='lat' dir='ltr'>cognitionis</span> <span class='ocrx_word' id='word_1_81' title='bbox 1064 2030 1343 2093; x_wconf 90' lang='lat' dir='ltr'>studium</span> <span class='ocrx_word' id='word_1_82' title='bbox 1396 2026 1784 2090; x_wconf 85' lang='lat' dir='ltr'>consociatio</span> 
     </span>
     <span class='ocr_line' id='line_1_16' title="bbox 348 2146 1791 2230; baseline -0.003 -19"><span class='ocrx_word' id='word_1_83' title='bbox 348 2150 688 2211; x_wconf 89' lang='lat' dir='ltr'>hominum</span> <span class='ocrx_word' id='word_1_84' title='bbox 718 2160 910 2230; x_wconf 88' lang='lat' dir='ltr'>atque</span> <span class='ocrx_word' id='word_1_85' title='bbox 937 2146 1373 2210; x_wconf 85' lang='lat' dir='ltr'>communitas.</span> <span class='ocrx_word' id='word_1_86' title='bbox 1429 2166 1541 2207; x_wconf 90' lang='lat' dir='ltr'>nec</span> <span class='ocrx_word' id='word_1_87' title='bbox 1565 2166 1791 2207; x_wconf 88' lang='lat' dir='ltr'>verum</span> 
     </span>
     <span class='ocr_line' id='line_1_17' title="bbox 351 2262 1870 2347; baseline -0.002 -18"><span class='ocrx_word' id='word_1_88' title='bbox 351 2268 461 2341; x_wconf 88' lang='lat' dir='ltr'>est,</span> <span class='ocrx_word' id='word_1_89' title='bbox 498 2266 678 2347; x_wconf 91' lang='lat' dir='ltr'>quod</span> <span class='ocrx_word' id='word_1_90' title='bbox 724 2266 961 2327; x_wconf 89' lang='lat' dir='ltr'>dicitur</span> <span class='ocrx_word' id='word_1_91' title='bbox 996 2288 1030 2326; x_wconf 87' lang='lat' dir='ltr'>a</span> <span class='ocrx_word' id='word_1_92' title='bbox 1078 2262 1484 2346; x_wconf 83' lang='lat' dir='ltr'>quibusdam,</span> <span class='ocrx_word' id='word_1_93' title='bbox 1520 2278 1792 2345; x_wconf 85' lang='lat' dir='ltr'>propter</span> <span class='ocrx_word' id='word_1_94' title='bbox 1867 2299 1870 2303; x_wconf 91' lang='lat'>·</span> 
     </span>
     <span class='ocr_line' id='line_1_18' title="bbox 349 2377 1789 2459; baseline -0.004 -16"><span class='ocrx_word' id='word_1_95' title='bbox 349 2379 771 2443; x_wconf 86' lang='lat' dir='ltr'>neceffitatem</span> <span class='ocrx_word' id='word_1_96' title='bbox 800 2379 988 2454; x_wconf 88' lang='lat' dir='ltr'>vitae,</span> <span class='ocrx_word' id='word_1_97' title='bbox 1025 2377 1203 2459; x_wconf 91' lang='lat' dir='ltr'>quod</span> <span class='ocrx_word' id='word_1_98' title='bbox 1233 2398 1327 2451; x_wconf 87' lang='lat' dir='ltr'>ea,</span> <span class='ocrx_word' id='word_1_99' title='bbox 1366 2397 1527 2458; x_wconf 87' lang='lat' dir='ltr'>quae</span> <span class='ocrx_word' id='word_1_100' title='bbox 1564 2389 1789 2437; x_wconf 88' lang='lat' dir='ltr'>natura</span> 
     </span>
     <span class='ocr_line' id='line_1_19' title="bbox 351 2487 1791 2575; baseline -0.006 -18"><span class='ocrx_word' id='word_1_101' title='bbox 351 2495 757 2570; x_wconf 83' lang='lat' dir='ltr'>defideraret,</span> <span class='ocrx_word' id='word_1_102' title='bbox 794 2490 1096 2575; x_wconf 87' lang='lat' dir='ltr'>consequi</span> <span class='ocrx_word' id='word_1_103' title='bbox 1129 2491 1258 2552; x_wconf 86' lang='lat' dir='ltr'>fine</span> <span class='ocrx_word' id='word_1_104' title='bbox 1286 2491 1414 2553; x_wconf 89' lang='lat' dir='ltr'>aliis</span> <span class='ocrx_word' id='word_1_105' title='bbox 1443 2503 1634 2572; x_wconf 88' lang='lat' dir='ltr'>atque</span> <span class='ocrx_word' id='word_1_106' title='bbox 1656 2487 1791 2549; x_wconf 90' lang='lat' dir='ltr'>effi-</span> 
     </span>
     <span class='ocr_line' id='line_1_20' title="bbox 350 2601 1787 2693; baseline -0.007 -19"><span class='ocrx_word' id='word_1_107' title='bbox 350 2632 488 2673; x_wconf 87' lang='lat' dir='ltr'>cere</span> <span class='ocrx_word' id='word_1_108' title='bbox 534 2631 671 2673; x_wconf 88' lang='lat' dir='ltr'>non</span> <span class='ocrx_word' id='word_1_109' title='bbox 717 2606 1056 2693; x_wconf 75' lang='lat' dir='ltr'>poffemuS,</span> <span class='ocrx_word' id='word_1_110' title='bbox 1109 2607 1348 2669; x_wconf 85' lang='lat' dir='ltr'>idcirco</span> <span class='ocrx_word' id='word_1_111' title='bbox 1400 2604 1622 2666; x_wconf 88' lang='lat' dir='ltr'>initam</span> <span class='ocrx_word' id='word_1_112' title='bbox 1671 2601 1787 2665; x_wconf 84' lang='lat' dir='ltr'>effe</span> 
     </span>
     <span class='ocr_line' id='line_1_21' title="bbox 350 2718 1792 2790; baseline -0.006 0"><span class='ocrx_word' id='word_1_113' title='bbox 350 2749 500 2790; x_wconf 90' lang='lat' dir='ltr'>cum</span> <span class='ocrx_word' id='word_1_114' title='bbox 536 2725 901 2787; x_wconf 88' lang='lat' dir='ltr'>hominibus</span> <span class='ocrx_word' id='word_1_115' title='bbox 924 2724 1455 2785; x_wconf 84' lang='lat' dir='ltr'>communitatem</span> <span class='ocrx_word' id='word_1_116' title='bbox 1491 2733 1554 2781; x_wconf 86' lang='lat' dir='ltr'>et</span> <span class='ocrx_word' id='word_1_117' title='bbox 1598 2718 1792 2782; x_wconf 85' lang='lat' dir='ltr'>socie-</span> 
     </span>
     <span class='ocr_line' id='line_1_22' title="bbox 351 2829 1850 2917; baseline -0.005 -18"><span class='ocrx_word' id='word_1_118' title='bbox 351 2850 581 2900; x_wconf 84' lang='lat' dir='ltr'>tatem:</span> <span class='ocrx_word' id='word_1_119' title='bbox 617 2836 793 2917; x_wconf 91' lang='lat' dir='ltr'>quod</span> <span class='ocrx_word' id='word_1_120' title='bbox 822 2836 867 2895; x_wconf 91' lang='lat' dir='ltr'><strong>fi</strong></span> <span class='ocrx_word' id='word_1_121' title='bbox 895 2835 1104 2896; x_wconf 88' lang='lat' dir='ltr'>omnia</span> <span class='ocrx_word' id='word_1_122' title='bbox 1131 2833 1337 2904; x_wconf 85' lang='lat' dir='ltr'>nobis,</span> <span class='ocrx_word' id='word_1_123' title='bbox 1368 2851 1528 2913; x_wconf 87' lang='lat' dir='ltr'>quae</span> <span class='ocrx_word' id='word_1_124' title='bbox 1554 2831 1632 2891; x_wconf 88' lang='lat' dir='ltr'>ad</span> <span class='ocrx_word' id='word_1_125' title='bbox 1660 2829 1791 2892; x_wconf 78' lang='lat' dir='ltr'>vic-</span> <span class='ocrx_word' id='word_1_126' title='bbox 1847 2846 1850 2850; x_wconf 79' lang='grc'><em>’</em></span> 
     </span>
     <span class='ocr_line' id='line_1_23' title="bbox 353 2940 1788 3027; baseline -0.005 -17"><span class='ocrx_word' id='word_1_127' title='bbox 353 2961 495 3010; x_wconf 90' lang='lat' dir='ltr'>tum</span> <span class='ocrx_word' id='word_1_128' title='bbox 529 2947 907 3027; x_wconf 89' lang='lat' dir='ltr'>cultumque</span> <span class='ocrx_word' id='word_1_129' title='bbox 944 2945 1285 3027; x_wconf 88' lang='lat' dir='ltr'>pertinent,</span> <span class='ocrx_word' id='word_1_130' title='bbox 1321 2940 1494 3024; x_wconf 87' lang='lat' dir='ltr'>quafi</span> <span class='ocrx_word' id='word_1_131' title='bbox 1540 2940 1788 3023; x_wconf 77' lang='lat' dir='ltr'>virgula</span> 
     </span>
     <span class='ocr_line' id='line_1_24' title="bbox 351 3059 1786 3143; baseline -0.005 -20"><span class='ocrx_word' id='word_1_132' title='bbox 351 3061 586 3133; x_wconf 87' lang='lat' dir='ltr'>divina,</span> <span class='ocrx_word' id='word_1_133' title='bbox 624 3073 698 3122; x_wconf 88' lang='lat' dir='ltr'>ut</span> <span class='ocrx_word' id='word_1_134' title='bbox 747 3060 951 3136; x_wconf 87' lang='lat' dir='ltr'>aiunt,</span> <span class='ocrx_word' id='word_1_135' title='bbox 1007 3059 1591 3143; x_wconf 84' lang='lat' dir='ltr'>suppeditarentur,</span> <span class='ocrx_word' id='word_1_136' title='bbox 1643 3071 1786 3117; x_wconf 85' lang='lat' dir='ltr'>tum</span> 
     </span>
     <span class='ocr_line' id='line_1_25' title="bbox 351 3168 1798 3267; baseline -0.012 -21"><span class='ocrx_word' id='word_1_137' title='bbox 351 3181 596 3267; x_wconf 87' lang='lat' dir='ltr'>optimo</span> <span class='ocrx_word' id='word_1_138' title='bbox 652 3171 917 3263; x_wconf 86' lang='lat' dir='ltr'>quisque</span> <span class='ocrx_word' id='word_1_139' title='bbox 973 3172 1251 3257; x_wconf 80' lang='lat' dir='ltr'>ingeniO,</span> <span class='ocrx_word' id='word_1_140' title='bbox 1317 3168 1590 3255; x_wconf 86' lang='lat' dir='ltr'>negotiis</span> <span class='ocrx_word' id='word_1_141' title='bbox 1656 3188 1798 3231; x_wconf 82' lang='lat' dir='ltr'>om·</span> 
     </span>
    </p>
   </div>
  </div>
 </body>
</html>
