2499 4196
618 458 896 511 mma
962 456 1470 512 sEcUNnth.
1724 464 1832 529 113

393 603 544 664 um3
580 604 706 671 qua
733 588 906 650 nulla
933 589 1235 671 pernicies
1263 587 1468 667 maj0r
1494 583 1837 649 hominum

396 705 559 767 'vitae
584 705 790 787 potuit
812 703 1039 767 afferri.
1069 703 1314 766 summa
1337 704 1598 786 quidem
1622 702 1842 763 aufto-

395 820 584 882 ritate
614 815 981 900 philosophi
1008 816 1216 879 severe
1248 815 1391 879 sane
1421 831 1613 898 atque
1641 817 1846 877 hone-

398 935 485 996 ste
519 936 675 996 haec
711 935 833 995 tria
879 953 1110 1016 genera
1145 930 1414 995 confusa
1448 932 1839 1015 cogitatione

399 1051 845 1132 distinguunt:
897 1050 1217 1132 quidquid
1253 1052 1421 1112 enim
1449 1050 1687 1129 justum
1738 1046 1838 1117 fit,

403 1165 471 1226 id
493 1167 682 1225 etiam
712 1165 862 1226 utile
886 1162 1002 1225 effe
1030 1161 1324 1225 censent:
1363 1165 1641 1245 itemque
1666 1153 1846 1243 quod

403 1278 763 1356 honestum,
788 1281 953 1341 idem
973 1279 1251 1358 justum:
1285 1300 1365 1340 ex
1394 1299 1523 1360 quo
1548 1276 1846 1349 efficitur,

404 1410 506 1471 ut,
534 1395 847 1477 quidquid
872 1395 1210 1456 honestum
1236 1392 1333 1470 fit,
1371 1395 1536 1455 idem
1568 1393 1640 1454 fit
1664 1393 1844 1455 utile.

406 1507 587 1590 qubd
626 1510 736 1591 qui
789 1530 1015 1592 parurn
1069 1506 1480 1590 perspiciunt,
1535 1509 1602 1568 hi
1648 1505 1846 1590 saepe,

407 1619 695 1683 versutos
732 1620 1024 1684 homines
1052 1634 1114 1682 et
1152 1620 1416 1681 callidos
1445 1620 1848 1693 admiratum,

411 1736 712 1798 malitiam
730 1734 1093 1817 sapientiam
1110 1734 1396 1814 judicant
1417 1758 1432 1796 τ
1453 1757 1733 1816 quorum
1752 1757 1850 1796 er-

317 1926 322 1931 .
410 1868 522 1909 ror
574 1847 933 1929 eripiendus
984 1847 1096 1924 est,
1147 1847 1494 1930 opinioque
1530 1850 1737 1910 omnis
1773 1849 1854 1909 ad

412 1982 551 2022 eam
585 1958 755 2044 spem
793 1962 1209 2038 traducenda,
1243 1977 1318 2023 ut
1346 1963 1624 2024 honestis
1654 1962 1857 2024 confi—

413 2080 510 2141 liis
533 2075 835 2160 justisque
862 2075 1061 2154 ῑαᾶὶῐε,
1093 2096 1227 2140 non
1252 2076 1480 2139 fraude
1508 2090 1569 2139 et
1594 2077 1855 2153 malitia,

414 2190 475 2255 se
530 2195 880 2276 intelligant
917 2214 1012 2269 ea,
1066 2213 1230 2276 quae
1282 2194 1505 2269 velint,
1559 2192 1857 2275 consequi

416 2305 607 2389 posse.
662 2327 821 2390 quac
857 2326 1012 2388 ergo
1048 2307 1126 2368 ad
1155 2306 1349 2369 vitam
1384 2307 1726 2369 hominum
1757 2324 1860 2369 tu.

418 2423 645 2485 endam
659 2422 1005 2506 pertinent,
1029 2423 1264 2505 partim
1289 2421 1436 2486 sunt
1455 2424 1755 2500 inanima,
1782 2441 1858 2489 ut

419 2558 676 2616 aurum,
713 2544 1072 2622 argentum,
1108 2553 1182 2600 ut
1212 2560 1284 2600 ea
1312 2557 1471 2621 quae
1507 2540 1863 2623 gignuntur

423 2674 456 2713 e
497 2668 688 2730 terra,
725 2671 798 2717 ut
833 2656 951 2716 alia
985 2653 1264 2734 ejusdem
1308 2655 1584 2738 generis:
1635 2658 1864 2738 partim

425 2764 735 2840 animalia,
764 2786 923 2846 quae
947 2767 1181 2828 habent
1196 2762 1341 2829 suos
1364 2767 1660 2848 impetus»,
1686 2782 1746 2828 et
1766 2788 1864 2831 re-

425 2898 573 2939 rum
601 2881 936 2960 appetitus,
972 2903 1199 2944 eorum
1222 2895 1436 2944 autem
1460 2880 1576 2943 alia
1601 2884 1865 2946 rationis

427 2995 709 3078 expertia
733 2995 901 3073 sunt,
933 2998 1049 3060 alia
1072 2999 1320 3062 ratione
1345 3001 1620 3063 utentia:
1646 3022 1871 3082 exper-

428 3128 518 3175 tes
547 3113 811 3174 rationis
840 3111 982 3175 sunt
1010 3115 1183 3196 equi,
1206 3117 1427 3192 boves»,
1457 3116 1733 3196 reliquae
1764 3138 1871 3198 pe-

428 3224 641 3301 cudeS,
692 3246 862 3308 apta,
918 3247 1186 3311 quarum
1224 3248 1417 3311 opere
1453 3226 1729 3293 efficitur
1765 3229 1875 3291 ali·
