2499 4196
677 408 789 485 184
1071 411 1191 463 DE
1253 410 1720 462 orflclls

668 540 939 604 maxime
974 538 1060 601 est
1094 535 1444 601 secundum
1478 549 1799 611 naturam,
1848 532 2117 598 humani

674 652 921 736 generis
957 648 1342 714 societatem.
1385 663 1478 723 ut,
1515 647 1563 709 fi
1594 646 2116 729 unumquodque

674 766 1029 828 membrum
1055 761 1303 827 sensum
1331 763 1501 827 hunc
1527 762 1808 832 haberet,
1840 775 1915 823 ut
1946 757 2114 845 poffe

672 892 926 960 putaret
962 875 1022 940 se
1049 876 1282 952 valere,
1321 872 1361 938 fi
1398 872 1677 957 proximi
1713 872 1976 933 membri
2005 892 2114 934 va-

669 990 1026 1052 letudinem
1053 988 1133 1051 ad
1176 985 1234 1050 se
1273 981 1666 1060 traduxiffet,
1700 983 2012 1046 debilitari
2051 996 2116 1045 et

669 1106 931 1169 interire
954 1120 1170 1166 totum
1192 1123 1426 1185 corpus
1450 1099 1686 1165 neceffe
1713 1098 1897 1173 effet3
1933 1099 2038 1172 fic,
2067 1097 2116 1159 fi

670 1218 1102 1302 unusquisque
1139 1209 1427 1280 nostrum
1470 1215 1552 1277 ad
1598 1210 1658 1276 se
1702 1214 1900 1297 rapiat
1936 1234 2117 1276 com-

670 1333 866 1396 moda
899 1332 1195 1406 aliorum,
1223 1328 1647 1408 detrahatque
1675 1327 1854 1408 quod
1881 1326 2113 1408 cuique

671 1445 858 1529 poffit
883 1443 1297 1508 emolumenti
1326 1439 1417 1504 sui
1445 1441 1673 1523 gratia,
1710 1439 1964 1503 societas
1991 1442 2116 1502 ho·

668 1558 921 1620 minum
962 1570 1026 1619 ct
1059 1554 1485 1618 communitas
1520 1567 1846 1617 evertatur
1878 1552 2113 1616 neceffe

670 1667 781 1728 est.
821 1687 992 1739 nam,
1030 1663 1139 1726 fibi
1172 1679 1245 1726 ut
1279 1660 1547 1746 quisque
1581 1664 1779 1737 malit,
1817 1662 1996 1745 quod
2033 1663 2112 1725 ad

667 1773 855 1840 usum
890 1775 1054 1837 vitae
1089 1774 1419 1858 pertineat,
1458 1795 1651 1856 quam
1686 1773 1867 1839 alteri
1898 1775 2115 1857 acqui·-

669 1911 834 1968 rere‚
870 1884 1228 1952 conceffum
1256 1888 1368 1963 est,
1415 1910 1548 1951 non
1576 1904 1969 1972 repugnante
2005 1910 2114 1952 na·-

669 2018 848 2066 tura:
877 2003 1034 2067 illud
1058 1975 1282 2064 natura
1305 2024 1438 2066 non
1463 2003 1726 2086 patitur,
1743 2019 1817 2067 ut
1842 2005 2115 2068 aliorum
2154 2049 2166 2068 ‹.

669 2114 882 2198 spoliis
940 2117 1184 2179 nostras
1243 2115 1605 2194 facultates,
1664 2120 1903 2202 copias,
1962 2139 2116 2203 opes

668 2249 1036 2312 augeamus.
1070 2249 1278 2312 neque
1302 2250 1452 2292 vero
1476 2229 1600 2293 hoc
1630 2228 1835 2293 solum
1860 2247 2112 2310 natura,

668 2339 735 2401 id
762 2341 871 2416 est,
889 2339 1035 2420 jure
1057 2342 1370 2423 gentium,
1395 2340 1497 2403 sed
1518 2343 1710 2404 etiam
1731 2343 1972 2427 legibus
2000 2366 2118 2427 po·

668 2454 975 2537 pulorum
1035 2450 1294 2534 (quibus
1343 2454 1410 2516 in
1461 2455 1709 2539 singulis
1765 2457 2113 2520 civitatibus

666 2565 1017 2648 respublica
1045 2564 1464 2648 continetur),
1484 2570 1711 2631 eodem
1736 2570 1929 2631 modo
1952 2592 2112 2632 con-

667 2677 962 2738 stitutum
989 2677 1101 2753 est,
1138 2695 1208 2740 ut
1245 2700 1381 2741 non
1422 2681 1605 2743 liceat
1642 2679 1735 2745 sui
1782 2684 2110 2746 commodi

666 2787 869 2852 cauffa
904 2808 1135 2851 nocere
1170 2789 1384 2850 alteri:
1441 2792 1567 2853 hoc
1612 2794 1783 2855 enim
1829 2791 2109 2876 spectant

665 2904 857 2985 leges,
881 2903 1006 2964 hoc
1033 2902 1288 2977 volunt,
1319 2903 1705 2969 incolumem
1735 2905 1851 2969 effe
1875 2909 2109 2972 civium

665 3013 1210 3093 conjunctionem,
1245 3035 1440 3096 quam
1477 3019 1586 3099 qui
1624 3019 1964 3097 dirimunt,
1999 3040 2109 3084 eos

665 3140 900 3206 morte,
928 3125 1170 3206 exfilio,
1203 3126 1493 3202 vinculis„
1525 3128 1761 3193 damno
1787 3129 2108 3197 coercent.
