2499 4196
672 462 977 521 Lissnn
1045 472 1460 521 PRIMUS.
1712 480 1823 536 105

391 593 624 660 festum
661 598 754 675 fit,
805 598 868 658 in
895 596 1118 659 officiis
1154 596 1502 680 deligendis
1536 596 1601 658 id
1631 619 1828 681 genus

396 714 761 776 officiorum
797 715 1123 788 excellere,
1160 715 1337 795 quod
1372 729 1667 777 teneatur
1711 715 1834 776 ho-

394 832 643 891 minum
700 828 1032 891 societate:
1106 829 1338 890 etenim
1386 831 1831 912 cognitionem

395 943 925 1024 prudentiamque
967 941 1253 1025 sequitur
1301 944 1688 1004 confidet-ata
1730 963 1834 1004 ac-

397 1058 524 1131 ti03
564 1058 649 1117 ita
672 1056 762 1127 fit,
792 1074 864 1118 ut
890 1078 1071 1140 agere
1104 1056 1487 1118 considerate
1512 1059 1707 1139 pluris
1730 1057 1831 1132 fit,

400 1189 594 1249 quarn
617 1171 887 1251 cogitare
909 1169 1281 1250 prudenter.
1311 1182 1501 1250 atque
1526 1170 1676 1231 haec
1693 1170 1836 1250 qui-

400 1283 546 1344 dem
586 1284 917 1344 haetenus:
953 1280 1299 1365 patefastus
1336 1283 1422 1343 est
1458 1284 1626 1345 enim
1662 1283 1836 1346 locus

399 1397 550 1482 ipse,
572 1415 646 1462 ut
672 1421 805 1461 non
828 1399 898 1459 fit
928 1398 1182 1459 difficile
1213 1399 1275 1458 in
1304 1398 1704 1479 exquirendo
1735 1397 1837 1459 of-

398 1514 571 1588 ficio,
601 1513 778 1594 quod
808 1512 1036 1594 cuique
1062 1511 1134 1572 fit
1162 1511 1710 1594 praeponendum,
1742 1512 1833 1572 vi·

401 1628 572 1687 dere.
654 1626 717 1686 in
770 1623 893 1707 ipsa
946 1638 1154 1687 autem
1191 1626 1650 1688 communitate
1689 1624 1834 1688 sunt

403 1740 632 1822 gradus
672 1738 1059 1809 officiorum,
1107 1759 1184 1800 ex
1213 1739 1467 1819 quibuS,
1522 1741 1677 1822 quid
1703 1741 1835 1801 cui·

401 1879 526 1939 que
559 1856 845 1938 praestet,
876 1854 1138 1935 intelligi
1168 1855 1385 1935 poffit:
1422 1871 1494 1917 ut
1520 1858 1720 1939 prima
1742 1857 1840 1916 di-

401 1970 450 2031 is
486 1969 977 2043 immortalibuS,
1016 1966 1289 2030 secunda
1342 1970 1606 2051 patriae,
1658 1974 1840 2032 tertia

401 2083 782 2167 parentibus,
822 2081 1111 2163 deinceps
1136 2081 1447 2165 gradatim
1473 2081 1717 2165 reliqua
1739 2105 1838 2144 re-

400 2198 590 2279 liquis
619 2199 992 2258 debeantur.
1049 2196 1270 2277 quibus
1299 2218 1378 2258 ex
1415 2199 1602 2260 rebus
1638 2199 1841 2261 brevi-

403 2328 502 2375 ter
534 2309 864 2395 disputatis
906 2312 1168 2393 intelligi
1216 2315 1438 2394 potest,
1477 2335 1609 2375 non
1641 2313 1840 2378 solum

402 2428 465 2488 id
506 2429 794 2490 homines
830 2426 1027 2489 solere
1066 2428 1381 2505 dubitare,
1420 2430 1839 2492 honestumne

405 2563 483 2605 an
514 2559 700 2624 turpe
745 2542 864 2617 fit;
918 2540 1022 2604 sed
1059 2542 1274 2618 etiam,
1312 2544 1564 2605 duobus
1611 2536 1842 2626 propo-

404 2660 533 2721 fitis
554 2659 854 2734 honestis,
881 2672 1102 2721 utrum
1133 2659 1478 2722 honestius,
1534 2660 1635 2720 hic
1663 2658 1840 2720 locus

406 2798 441 2836 a
468 2774 768 2836 Panaetio
794 2774 902 2850 est,
940 2750 1011 2836 ut
1046 2770 1227 2855 supra
1256 2774 1411 2850 dixi,
1450 2772 1843 2856 praetermis-

407 2884 532 2950 sus,
585 2883 684 2948 sed
716 2884 845 2964 jam
875 2888 950 2950 ad
976 2887 1216 2968 reliqua
1254 2907 1611 2969 pergamus„

1088 3142 1149 3205 O
