2499 4196
719 347 829 408 182
1097 350 1216 401 DE
1287 351 1741 402 051210118

706 474 931 540 afferre
967 470 1181 550 soleat,
1239 475 1900 559 considerandumque
1935 477 2153 543 videa.-

704 583 856 650 tur?
901 587 1117 665 credo,
1159 587 1205 648 fi
1240 590 1502 671 quando
1539 589 1857 654 dubitatio
1892 590 2145 672 accidit,

706 699 892 779 quale
923 697 995 762 fit
1032 699 1121 775 id,
1158 700 1237 768 de
1283 722 1415 782 quo
1460 702 1919 772 confideretur:
1968 703 2147 788 saepe

701 808 871 892 enim
908 821 1195 893 tempore
1236 810 1336 887 fit,
1387 825 1486 887 ut,
1542 812 1721 895 quod
1764 815 2145 898 plerumque

699 927 887 1004 turpe
920 922 1138 986 haberi
1174 922 1391 999 soleat,
1448 926 1807 992 inveniatur
1857 948 1991 990 non
2028 925 2141 992 effe

699 1046 908 1117 turpe.
969 1037 1239 1119 exempli
1286 1036 1487 1103 cauffa
1540 1056 1821 1122 ponatur
1879 1041 2141 1124 aliquid,

700 1147 877 1230 quod
929 1164 1134 1231 pateat
1183 1151 1406 1214 latiust
1465 1153 1645 1236 quod
1693 1150 1898 1237 potest
1946 1155 2144 1235 majus

699 1256 817 1324 effe
854 1257 1076 1341 scelus,
1130 1287 1323 1347 quam
1376 1286 1500 1332 non
1545 1268 1743 1332 modo
1784 1269 2146 1352 hominem,

697 1377 804 1443 sed
839 1380 1030 1446 etiam
1075 1378 1451 1445 familiarem
1500 1384 1830 1450 hominem
1893 1389 2145 1451 occide·

696 1486 811 1552 re?
865 1513 1022 1554 num
1065 1491 1261 1574 igitur
1306 1483 1365 1556 se
1413 1495 1746 1561 adstrinxit
1794 1496 2051 1577 scelere,
2100 1489 2147 1568 fi

696 1602 837 1687 quis
874 1615 1219 1687 tyrannum
1257 1606 1517 1684 occidit,
1555 1611 1841 1691 quamvis
1877 1611 2146 1692 familia.-

695 1712 873 1779 rem?
911 1718 1148 1801 populo
1172 1720 1435 1802 quidem
1466 1720 1768 1788 'Romano
1799 1749 1930 1789 non
1971 1729 2149 1792 vide-

696 1839 826 1904 tur,
855 1828 1069 1912 quiex
1093 1829 1391 1895 omnibus
1416 1835 1746 1915 praeclaris
1776 1836 1957 1902 fastis
1986 1839 2144 1910 illud

696 1941 1201 2023 pulcherrimum
1229 1944 1560 2012 existimat.
1613 1951 1763 2014 vicit
1787 1973 1947 2036 ergo
1956 1953 2146 2019 utili-

695 2067 791 2117 tas
811 2052 1291 2122 honestatem?
1273 2081 1407 2123 1mo
1427 2082 1580 2126 vero
1596 2061 1995 2173 honestatem
2020 2061 2146 2175 uti·-
2180 2045 2186 2052 ⁹

692 2163 834 2235 litas
856 2163 1066 2233 secuta
1097 2170 1205 2237 est
1241 2171 1477 2255 itaque,
1509 2189 1583 2238 ut
1606 2176 1732 2240 fine
1759 2180 1899 2244 ullo
1928 2204 2144 2277 error-q

693 2275 1035 2359 dijudicare
1071 2283 1397 2366 poffimuS,
1456 2287 1764 2371 siquando
1800 2317 1952 2358 cum
2004 2297 2143 2375 illo,

693 2391 872 2476 quod
908 2394 1247 2460 honestum
1284 2400 1712 2485 intelligimus»,
1750 2430 2039 2492 pugnare
2073 2410 2141 2474 id

690 2507 1032 2584 videbitur,
1066 2513 1244 2592 quod
1271 2515 1652 2596 appellamus
1678 2523 1856 2599 utile,
1884 2522 2138 2587 formu-a

688 2619 747 2693 Ia
772 2623 1085 2702 quaedam
1117 2628 1555 2694 constituenda
1588 2634 1711 2708 est;
1750 2656 1939 2718 quam
1969 2636 2014 2698 fi
2044 2618 2138 2700 se-

689 2753 961 2816 quemur
984 2737 1048 2800 in
1066 2746 1541 2822 comparatione
1558 2767 1795 2825 rerum,
1818 2748 1893 2812 ab
1917 2751 2140 2816 officio

689 2866 1044 2928 numquam
1088 2854 1480 2919 recedemus.
1546 2861 1667 2921 erit
1717 2842 1951 2924 autem'
1980 2864 2138 2930 haec

685 2957 967 3026 formula
988 2962 1357 3032 Stoicorum
1390 2973 1618 3036 rationi
1643 2973 2132 3062 disciplinaeque

684 3074 958 3149 maxime
993 3077 1448 3167 consentanea
1511 3108 1708 3171 quam
1755 3088 2011 3176 quidem
2054 3095 2127 3165 iu
